1875 3116
186 157 266 197 198
805 149 1121 190 Dnmssnfflffi.
1487 146 1744 190 Grinnellia.

181 290 235 317 ex
268 269 654 315 observationibus
688 268 815 319 datis,
850 268 924 311 vix
958 267 1120 310 certius
1154 267 1387 321 concipere
1419 266 1559 308 liceat.
1617 264 1741 306 Plan-

182 351 272 387 tam
307 348 375 385 sat
407 342 676 398 peculiarem
710 355 827 383 novo
861 339 1066 382 examine
1098 338 1354 393 subjicienti
1378 337 1489 379 mihi
1514 336 1744 392 sequentia

181 431 276 459 sese
309 415 589 458 obtulerunt:

326 486 458 536 Quod
491 485 688 527 soriferze
722 487 868 540 partes
901 484 947 524 in
981 482 1246 538 caespitulos,
1279 497 1356 537 per
1389 481 1593 523 frondem
1631 495 1748 536 spar-

183 575 254 602 sos
302 558 493 600 collectae
541 556 796 605 obveniant,
844 554 889 596 id
926 555 1077 596 forsan
1110 567 1213 595 cum
1252 552 1423 601 formis,
1458 552 1612 607 quales
1645 552 1748 593 offe-

184 636 289 673 runt
322 631 645 685 Botryocarpae,
681 627 912 683 quandam
945 626 1102 668 offerre
1137 624 1441 680 dispositionis
1480 623 1747 678 analogiam,

184 703 305 745 haud
338 702 374 743 is
408 717 508 743 sum
542 701 619 756 qui
652 713 882 755 negarem;
931 702 1129 740 attamen
1174 697 1289 737 hanc
1323 696 1465 751 inagis
1499 699 1548 736 ut
1581 695 1751 737 habitu-

184 775 298 817 alem
349 772 576 829 quandam
626 769 964 826 congruentiam
1017 767 1390 810 considerandam
1434 781 1540 815 esse,
1577 766 1752 808 facilius

185 851 403 902 putarem,
453 843 622 886 caeteris
670 841 880 884 omnibus
928 838 1259 882 characteribus
1307 838 1559 894 proximam
1609 837 1751 880 affini-

185 922 323 960 tatem
357 914 735 958 dissuadentibus.

329 987 489 1036 Quoad
522 987 632 1028 alias
666 989 792 1027 notas
827 984 969 1040 magis
1003 983 1252 1025 habitu-ales
1286 982 1642 1024 animadvertere
1665 982 1753 1037 pla-

186 1065 255 1102 cet
302 1059 516 1115 plantam,
567 1058 744 1113 qualem
795 1057 916 1097 illam
966 1056 1011 1096 in
1051 1054 1372 1110 speciminibus
1415 1054 1645 1095 exsiccatis
1683 1053 1753 1095 ob-

187 1145 363 1173 servare
412 1131 551 1180 liceat,
601 1133 644 1171 et
691 1128 1003 1170 tenuissimam
1053 1126 1205 1175 videri,
1254 1130 1297 1167 et
1329 1125 1573 1167 admodum
1606 1124 1752 1179 gelati-

188 1217 358 1248 nosam‚
408 1215 546 1256 quare
594 1214 691 1242 eam
740 1199 982 1254 segmentis
1031 1196 1406 1240 transversalibus
1455 1196 1751 1247 observatam,

188 1274 416 1315 difficilius
439 1272 587 1328 quoad
612 1286 739 1314 suam
764 1274 1034 1313 structuram
1062 1270 1143 1311 rite
1168 1268 1502 1323 intelligendam
1529 1267 1755 1323 quispiam

189 1349 376 1401 putaret.
442 1344 476 1385 A
528 1343 639 1385 facie
688 1342 984 1392 observatam,
1034 1355 1133 1382 eam
1182 1339 1374 1382 dicerem
1423 1344 1544 1381 costa
1577 1339 1757 1394 propria

188 1417 465 1463 instructam,
501 1414 681 1470 qualem
709 1414 825 1455 hanc
848 1413 893 1454 in
920 1412 1203 1454 Delesserieis
1227 1411 1418 1467 propriis
1441 1410 1756 1453 obvenientem

189 1492 506 1543 exspectarem,
533 1500 694 1541 nempe
717 1485 886 1527 cellulis
913 1484 1069 1525 mediis
1094 1498 1220 1525 secus
1244 1482 1574 1538 longitudinem
1593 1482 1756 1537 plantae

189 1560 406 1615 elongatis
439 1563 713 1607 contextam;
749 1557 942 1599 sectione
976 1555 1277 1605 transversali,
1312 1554 1358 1595 in
1391 1554 1603 1596 inferiore
1632 1557 1757 1609 parte

190 1632 363 1674 frondis
412 1630 660 1680 observata,
710 1629 801 1672 vidi
856 1627 1061 1670 cellulam
1111 1627 1350 1669 centralem
1403 1626 1530 1681 quasi
1579 1625 1756 1675 axilem,

190 1704 383 1745 cinctam
429 1703 539 1745 serie
577 1701 839 1744 cellularum
872 1701 965 1742 fere
998 1700 1044 1741 in
1079 1699 1231 1741 orbem
1267 1698 1382 1740 circa
1415 1697 1579 1740 axilem
1615 1697 1757 1752 dispo-

191 1775 306 1825 sitis3
357 1775 502 1830 ipsam
542 1772 765 1822 frondem,
799 1787 824 1813 a
857 1772 972 1814 facie
1005 1771 1289 1813 observatam
1321 1770 1368 1810 in
1401 1773 1524 1824 parte
1558 1768 1755 1824 quadam

192 1846 402 1887 inferiore
435 1845 621 1893 frondis,
658 1845 748 1886 fere
780 1848 919 1885 totam
954 1846 1207 1884 contextam
1242 1841 1409 1883 diceres
1437 1840 1606 1882 cellulis
1630 1840 1758 1881 hexa-

191 1917 571 1972 gono-angulatis3
623 1916 667 1957 in
717 1916 814 1971 ipsa
853 1914 1033 1963 lamina,
1070 1913 1264 1955 sectione
1297 1911 1583 1954 transversali
1617 1911 1758 1952 obser-

192 1994 308 2038 vata,
358 1993 484 2030 extra
530 1987 736 2029 cellulam
785 1987 963 2028 unicam
1011 1986 1175 2027 axilem
1214 1984 1347 2039 paulo
1380 1984 1595 2033 latiorem,
1631 1986 1759 2024 extus

193 2059 404 2114 utrinque
437 2059 657 2100 obtectam
693 2057 861 2099 cellulis
894 2056 1185 2111 superpositis
1219 2054 1347 2110 quasi
1381 2054 1679 2109 complanatis
1702 2078 1759 2083 —

194 2131 239 2172 in
289 2135 412 2186 parte
460 2129 678 2171 adultiore
726 2142 847 2170 nunc
894 2127 1098 2183 geminis,
1150 2127 1195 2168 in
1238 2126 1415 2181 juniore
1450 2125 1648 2180 singulis.
1715 2124 1760 2165 Si

194 2201 354 2242 solium
396 2200 641 2242 admodum
673 2199 872 2254 juvenile
905 2213 931 2240 a
964 2198 1078 2239 facie
1113 2198 1420 2240 observaveris
1453 2197 1499 2238 in
1534 2196 1760 2252 superiore

195 2287 275 2315 sua
310 2277 443 2328 parte,
479 2271 867 2313 evidentissimum
904 2272 950 2311 tit
982 2269 1193 2311 costalem
1229 2269 1455 2324 regionem
1479 2282 1558 2309 sno
1581 2268 1760 2323 proprio

197 2344 328 2385 modo
376 2343 544 2385 cellulis
593 2342 809 2393 elongatis
856 2342 999 2396 magis
1032 2340 1325 2396 cylindraceis
1359 2354 1454 2381 esse
1490 2343 1758 2388 contextam,

195 2420 237 2456 et
269 2415 449 2456 cellulas
482 2414 684 2455 laterales
718 2428 771 2455 ex
805 2414 887 2455 hac
910 2413 1062 2454 costali
1086 2412 1266 2466 regione
1290 2412 1500 2466 utrinque
1524 2424 1761 2452 excurrere

196 2488 288 2528 fere
322 2486 544 2541 pinnatim
579 2485 829 2540 dispositas,
864 2484 996 2525 modo
1030 2484 1120 2525 fere
1154 2483 1321 2525 diceres
1355 2497 1444 2538 quo
1477 2482 1645 2524 cellulae
1679 2481 1760 2522 dis-

199 2558 351 2612 posita}
385 2556 629 2599 obveniant
660 2557 708 2597 in
741 2557 796 2598 D.
830 2556 1027 2608 simmaea,-
1060 2554 1137 2595 sed
1170 2554 1285 2596 hanc
1316 2553 1651 2609 dispositionem
1678 2552 1760 2607 pri—

199 2628 382 2669 mariam
433 2627 479 2668 in
529 2628 696 2668 lamina
743 2641 1007 2670 evanescere
1055 2626 1314 2667 continuata
1357 2624 1620 2666 cellularum
1655 2623 1761 2665 divi-

198 2700 341 2747 sionc;
378 2704 419 2740 ct
453 2698 512 2740 ita
546 2698 760 2739 laminam
795 2698 956 2739 offerro
989 2697 1169 2739 cellulas
1204 2700 1246 2738 et
1272 2695 1610 2750 dispositionem
1633 2693 1760 2736 cellu-

199 2770 341 2810 larum
392 2784 528 2824 quam
571 2768 992 2824 homaeocystideam
1035 2768 1138 2817 dixi,
1175 2767 1343 2809 cellulis
1377 2766 1586 2808 omnibus
1620 2765 1759 2820 ipsius

200 2840 376 2880 laminae
409 2840 901 2894 rotundato-angulatis,
938 2839 1066 2894 quasi
1099 2844 1268 2880 certum
1303 2837 1505 2879 ordinem
1539 2837 1615 2879 vix
1637 2849 1760 2877 occu-

203 2910 422 2965 pantibus.
478 2911 627 2966 Ipsam
661 2911 870 2953 costalem
904 2910 1144 2968 regionem,
1180 2923 1316 2966 quam
1339 2909 1385 2950 in
1407 2908 1585 2964 juniore
1607 2907 1762 2962 planta
