1875 3116
106 91 423 145 Hypoylossum.
725 91 1039 132 Dssmcssnmffl.
1290 67 1296 71 ι
1582 91 1664 132 183

100 208 209 250 alias
255 208 435 250 cellulas
482 208 834 264 (intercedentes)
883 212 1178 251 maturescere
1226 213 1269 251 et
1309 222 1412 251 suas
1444 222 1659 264 generare

100 280 443 335 sphaei‘osporas,
492 279 626 321 simili
673 279 806 322 modo
851 279 1100 335 dispositas,
1136 280 1340 322 lubenter
1371 279 1657 335 conjicerem;

100 355 143 392 et
189 350 346 392 eodem
393 350 547 392 ordine
594 350 774 393 cellulas
814 350 900 393 sori
942 351 1058 406 (quae
1094 351 1141 393 in
1174 351 1332 394 fronde
1366 350 1657 406 superpositae

99 422 382 477 generantur)
430 421 700 464 alternantes
749 422 840 464 fieri
889 428 966 464 aut
1003 422 1211 477 gravidas
1245 422 1436 465 evolutis
1469 421 1658 477 sphaero-

99 493 254 548 sporis,
302 498 381 534 aut
426 492 692 548 adparenter
739 493 907 536 steriles
955 493 1109 548 (nimia
1153 493 1408 536 evolutione
1441 493 1659 535 fertilium

99 577 178 619 pro
225 567 425 618 tempore
471 564 624 605 forsan
672 565 799 620 quasi
848 566 1135 620 suppressas).
1201 564 1542 620 Sphaerosporas
1574 564 1658 606 hoc

98 634 252 677 ordine
286 639 631 677 maturescentes
664 635 878 691 adparere
912 636 1082 678 validas
1116 636 1246 691 (inter
1279 635 1461 678 cellulas
1489 635 1659 678 steriles

97 705 308 760 minutas)
340 710 384 748 et
413 705 660 748 admodum
692 707 955 762 conspicuas
990 707 1082 749 fieri
1115 711 1255 761 patet;
1290 712 1333 748 et
1357 706 1537 749 easdem
1563 720 1658 749 esse

97 777 427 833 sphaerosporas
476 781 836 828 maturescentes,
880 792 980 832 quae
1019 777 1066 819 in
1098 777 1319 833 ejusmodi
1353 792 1452 820 soro
1485 777 1659 833 conspi-

96 848 271 890 ciantur
317 848 652 896 translucentes,
702 849 796 891 sive
844 863 899 891 ex
946 863 1049 900 una,
1098 849 1191 891 sive
1238 863 1291 891 ex
1324 849 1463 891 altera
1495 849 1659 904 pagina

96 919 399 969 observantur,
443 920 620 962 facilius
658 920 770 962 mihi
803 934 1068 976 persuasum
1100 920 1251 971 habui,
1286 920 1563 975 comparanti
1595 920 1656 975 ip-

96 1005 189 1032 sam
239 990 577 1045 dispositionem
625 991 1039 1046 sphaerosporarum
1088 991 1499 1040 maturescentium,
1545 1005 1657 1047 quas

94 1066 192 1104 tum
239 1062 283 1103 in
333 1076 471 1104 unam
512 1067 610 1104 tum
642 1062 689 1103 in
722 1063 906 1104 alteram
939 1062 1153 1118 paginam
1184 1061 1522 1111 translucentes,
1557 1076 1657 1104 eau-

95 1132 198 1174 dem
231 1132 569 1188 dispositionem
603 1138 809 1175 mutuam
841 1137 1069 1175 servantes
1102 1132 1205 1175 vidi.
1257 1132 1388 1174 Soros
1413 1133 1498 1175 hoc
1520 1132 1653 1175 modo

94 1204 310 1246 formatos
342 1204 493 1259 typica
524 1218 605 1246 sua
637 1207 859 1246 structura
890 1203 1135 1246 admodum
1159 1203 1362 1247 diversos
1385 1203 1655 1246 considerari

94 1274 253 1318 debere
300 1275 356 1317 ab
400 1275 453 1317 iis
492 1275 868 1331 Nitophyllorum,
903 1275 1026 1319 velut
1058 1276 1113 1318 ab
1145 1276 1199 1318 iis
1232 1277 1278 1317 in
1311 1275 1539 1318 nonnullis
1573 1275 1655 1317 De-

92 1346 362 1389 lesseriaceis
394 1345 676 1400 (Olcaumtm'a,
712 1347 1016 1402 Scha'zoylosso)
1049 1347 1350 1397 obvenientes,
1386 1361 1456 1389 me
1487 1346 1650 1402 judice,

94 1422 162 1460 sat
193 1418 422 1461 evidenter
452 1418 671 1474 adparuit.

235 1489 386 1545 Ipsam
419 1494 689 1532 structuram
722 1491 822 1539 sori,
857 1490 1036 1546 qualem
1059 1505 1085 1532 a
1107 1491 1221 1533 facie
1252 1490 1489 1533 observare
1511 1489 1651 1539 liceat,

94 1575 172 1616 pro
220 1565 349 1603 aetate
396 1561 568 1604 variam
615 1561 826 1604 obvenire
874 1575 1016 1618 posse,
1066 1562 1127 1603 ita
1173 1561 1439 1617 neutiquam
1479 1564 1654 1616 egomet

93 1646 324 1687 negarem;
359 1636 401 1675 et
434 1632 541 1674 finxi
575 1632 797 1688 ejusmodi
830 1633 1131 1676 diversitatem
1159 1633 1214 1675 ab
1237 1647 1288 1675 eo
1310 1632 1505 1688 pendere
1529 1632 1651 1687 quod

92 1704 207 1745 inter
254 1704 453 1759 singulas
501 1704 845 1760 sphaerosporas,
895 1704 977 1747 sub
1026 1705 1170 1759 primo
1209 1703 1476 1747 evolutionis
1509 1703 1651 1746 stadio

94 1780 451 1825 maturescentes,
502 1776 599 1818 aliae
646 1775 814 1818 cellulae
862 1776 1066 1831 ejusdem
1114 1776 1200 1818 sori
1248 1776 1401 1817 forsan
1447 1774 1655 1817 adessent

92 1846 239 1888 adhuc
271 1846 452 1897 steriles,
489 1860 568 1888 suo
601 1846 757 1889 ordine
789 1846 893 1889 dein
926 1847 1256 1902 sphaerosporas
1288 1849 1585 1901 generaturae;
1611 1850 1654 1888 et

94 1918 202 1959 finxi
250 1918 329 1959 has
376 1916 556 1959 cellulas
600 1917 729 1960 novis
763 1918 1083 1973 sphaerosporis
1116 1918 1244 1973 quasi
1276 1917 1484 1972 gravidas
1517 1931 1652 1960 emer-

91 2003 194 2045 gere
226 1994 459 2045 opportere
491 1989 608 2032 inter
639 1990 818 2032 cellulas
850 2003 1027 2041 vacuas,
1059 2002 1161 2045 quae
1184 1990 1337 2031 forsan
1360 1988 1653 2031 subsisterent

91 2060 200 2116 ipsis
243 2060 563 2116 sphaerosporis
605 2061 791 2103 emissis.
856 2061 1001 2103 Simili
1038 2062 1132 2103 fere
1164 2060 1296 2102 modo
1330 2059 1652 2116 suspicandum

92 2136 297 2187 putarem
344 2131 406 2186 (in
453 2145 551 2173 soro
599 2131 862 2187 plerumque
912 2132 1010 2187 plus
1059 2133 1208 2174 minus
1256 2131 1476 2186 elongato)
1514 2131 1648 2174 series

92 2202 352 2245 cellularum
399 2202 719 2258 sphaerosporis
767 2202 1170 2245 maturescentibus
1217 2202 1424 2257 gravidas
1462 2216 1566 2245 cum
1597 2202 1651 2245 iis

91 2273 361 2315 alternantes
393 2273 604 2316 obvenire
637 2288 779 2329 posse,
814 2270 913 2329 quae
946 2274 1165 2330 posterius
1200 2274 1312 2315 fiunt
1343 2274 1435 2315 suis
1458 2273 1648 2329 sphaero-

92 2344 234 2400 sporis
266 2344 506 2394 instructae,
541 2349 584 2386 et
615 2345 699 2386 hoc
733 2345 864 2387 modo
903 2345 1239 2400 dispositionem
1273 2344 1487 2400 adparere
1521 2358 1649 2399 posse

93 2415 233 2456 multo
282 2414 422 2469 magis
470 2414 641 2457 variam
688 2429 823 2470 quam
867 2415 1057 2457 eandem
1088 2430 1244 2458 revera
1275 2415 1397 2456 nasci
1430 2419 1647 2470 putarem.

54 2540 60 2545 .
92 2486 144 2527 [n
184 2484 425 2540 Speciebus
467 2485 756 2536 tenuioribus,
796 2486 950 2541 quales
984 2500 1009 2528 a
1042 2486 1225 2542 Harvey
1255 2487 1380 2540 (Ner.
1415 2486 1518 2528 Bor.
1552 2487 1648 2528 Am.

92 2559 173 2599 tab.
222 2558 382 2599 XXII
421 2557 466 2598 in
513 2557 568 2599 D.
613 2558 837 2612 tenmffolz'a
884 2563 927 2600 et
972 2558 1029 2600 D.
1069 2558 1325 2610 involvens);
1369 2557 1432 2609 (in
1478 2558 1647 2612 Phyeol.

93 2631 223 2671 austr.
261 2630 343 2670 tab.
379 2632 466 2670 137
496 2628 542 2669 in
576 2628 630 2670 D.
665 2629 906 2683 dendroide)
953 2627 1271 2684 depinguntur,
1319 2628 1512 2671 eundem
1555 2642 1651 2671 esse

92 2712 256 2749 sorum,
290 2699 405 2741 inter
437 2704 675 2754 utramque
709 2699 919 2754 paginam
952 2699 1312 2749 translucentem,
1348 2699 1525 2742 facilius
1547 2700 1648 2755 quis

92 2769 350 2824 conjiceret;
398 2770 446 2811 in
494 2770 549 2812 D.
584 2770 819 2823 crispatam
865 2771 1014 2824 (Phyc.
1060 2775 1190 2813 austr.
1236 2772 1318 2813 tab.
1359 2772 1472 2817 268)
1520 2771 1650 2827 cujus

94 2853 215 2882 soros
264 2841 374 2882 mihi
421 2840 624 2883 nondum
661 2841 918 2883 examinare
948 2840 1084 2893 licuit,
1118 2855 1213 2884 esse
1244 2841 1467 2898 ejusmodi
1498 2856 1650 2885 sorum
