1875 3116
55 134 392 188 Neuroylossam.
637 132 1030 175 NEUROGLOSSEAE.
1538 132 1557 170 1
1569 130 1619 171 17

56 239 203 301 novis;
253 257 297 293 at
334 252 381 292 in
413 252 614 306 partibus
647 250 942 292 adultioribus
975 254 1017 292 et
1049 250 1095 291 in
1128 249 1292 291 vicinia
1325 248 1500 290 costalis
1533 247 1613 290 cel-

55 324 156 365 lula}
189 322 418 378 quandam
451 322 727 364 tendentiam
759 322 853 375 jam
886 321 1121 363 observare
1154 321 1282 362 liceat
1315 319 1501 362 diversae
1533 318 1615 361 dis-

54 393 306 449 positionis;
347 398 390 435 et
422 394 466 434 in
501 393 702 447 partibus
735 392 1043 441 adultioribus,
1079 392 1124 433 in
1157 390 1321 446 quibus
1354 390 1525 432 cellulae
1558 390 1620 431 in-

56 465 234 507 teriores
273 478 399 506 secus
438 463 765 518 longitudinem
804 463 978 505 frondis
1011 463 1289 518 elongantur,
1323 461 1620 503 exterioribus

53 536 221 580 cellulis
269 550 359 577 non
407 535 565 577 eodem
615 535 745 576 modo
794 535 1023 589 elongatis,
1074 533 1151 576 sed
1202 533 1383 589 propria
1419 532 1615 588 quadam

53 611 184 650 nacta
215 605 495 660 longitudine
528 605 573 646 in
606 605 810 657 geminas
838 604 1019 647 cellulas
1044 630 1099 635 ——
1122 604 1310 659 singulis
1335 603 1619 646 interioribus

52 677 372 734 respondentes
408 701 459 706 -
495 675 770 722 dividuntur,
805 675 990 717 omnino
1014 675 1240 718 diversum
1264 674 1465 717 ordinem
1491 689 1617 729 gene-

51 749 152 798 rari,
180 747 363 790 facilius
397 751 529 802 patet.
590 746 705 788 Dum
739 761 869 801 porro
902 747 947 787 in
982 746 1281 801 Nitopliylleis
1306 772 1361 776 —
1385 746 1441 788 ob
1469 746 1617 802 ipsum

52 819 333 863 formationis
381 817 567 859 modum
609 816 871 858 cellularum
904 816 1178 858 radiantium
1214 842 1270 846 --
1302 816 1471 858 cellulae
1503 821 1618 858 exte-

52 892 188 934 riores
221 896 312 933 tota
345 904 426 932 sua
458 889 691 944 superficie
724 888 955 930 adhaerent
987 888 1286 935 interioribus,
1321 888 1458 929 alium
1491 902 1619 942 gene-

51 963 137 1005 rari
186 963 233 1004 in
277 961 588 1015 Neuroglossis
625 959 831 1001 ordinem
864 960 957 1002 sere
991 974 1170 1014 1111011110
1206 959 1421 1014 suspicari
1457 959 1617 1001 liceret.

53 1034 174 1083 Quin
222 1033 360 1074 immo
408 1033 454 1073 in
502 1031 812 1086 Neuroglossis
861 1031 1252 1074 evidentissimum
1296 1035 1402 1085 puto
1437 1029 1618 1072 cellulas

51 1105 249 1160 singulas
282 1103 512 1146 exterioris
545 1103 673 1145 seriei
707 1102 871 1144 distare
904 1102 959 1144 ab
992 1102 1278 1144 interioribus
1310 1102 1400 1144 fere
1424 1106 1515 1143 tota
1538 1115 1618 1143 sua

51 1175 296 1230 superficie,
331 1180 410 1216 aut
433 1174 580 1216 saltim
606 1179 730 1229 parte
754 1173 980 1228 ejusdem;
1005 1173 1185 1215 cellulas
1209 1177 1358 1214 autem
1382 1172 1614 1214 interiores

51 1260 154 1288 cum
203 1245 496 1288 exterioribus
544 1245 808 1300 conjunctas
855 1259 951 1286 esse
998 1244 1323 1299 appendicibus
1371 1248 1619 1285 anastomo-

51 1318 267 1367 santibuS,
314 1317 479 1372 quibus
512 1317 572 1357 ita
605 1321 846 1357 nectuntur
879 1315 1013 1357 series
1046 1315 1305 1357 cellularum
1341 1315 1540 1362 diversae,
1576 1321 1619 1357 et

52 1390 135 1431 hoc
168 1388 351 1443 quidem
385 1402 465 1428 suo
499 1387 678 1442 proprio
711 1391 754 1428 et
786 1386 995 1428 distincto
1029 1385 1174 1427 modo.
1225 1385 1375 1434 Quum
1401 1386 1617 1428 nimirum

52 1462 77 1501 2
125 1457 294 1500 cellulae
342 1457 572 1499 exterioris
614 1457 741 1498 seriei
780 1471 859 1498 sua
892 1456 1172 1512 longitudine
1205 1462 1387 1511 aequant
1419 1458 1618 1512 singulas

51 1530 184 1572 series
230 1530 445 1584 proximae
482 1529 703 1571 interioris
737 1529 864 1570 seriei
898 1554 954 1558 -
987 1533 1029 1570 et
1062 1542 1203 1583 quum
1238 1529 1521 1570 consimilem
1554 1543 1616 1570 or-

50 1600 200 1643 dinem
255 1601 457 1655 generari
511 1605 633 1655 patet
686 1603 818 1655 prout
870 1599 1053 1641 frondes
1106 1599 1304 1640 crassitie
1352 1605 1614 1654 augeantur,

49 1679 254 1728 respectu
301 1672 450 1727 quoad
499 1671 679 1713 cellulas
727 1671 998 1713 collaterales
1046 1671 1198 1713 habito
1232 1697 1299 1719 -,
1335 1675 1457 1726 patet
1503 1672 1618 1713 inter

50 1744 371 1799 appendiculas
404 1744 500 1785 illas
533 1748 918 1785 anaston‘iosantes
952 1757 1132 1798 quoque
1155 1742 1359 1784 ordinem
1384 1743 1616 1797 proprium

50 1815 265 1871 generari,
315 1829 447 1870 quem
491 1815 536 1856 in
579 1814 780 1869 partibus
811 1813 1086 1868 juvenilibus
1122 1814 1194 1856 vix
1229 1813 1613 1868 conspiciendum,

51 1887 134 1929 sub
178 1886 396 1928 adultiore
435 1901 540 1928 vero
582 1886 752 1928 frondis
785 1885 926 1927 stadio
961 1885 1102 1940 magis
1138 1885 1370 1940 magisque
1403 1884 1616 1940 adparen-

50 1962 138 1999 tem
173 1958 265 2000 fieri
300 1962 437 2013 patet;
473 1957 593 2012 quod
628 1971 808 2012 quoque
841 1956 888 1998 in
921 1956 1098 1998 eximiis
1133 1956 1224 1997 suis
1252 1955 1456 1997 iconibus
1479 1971 1616 2011 quam

50 2029 383 2072 evidentissime
430 2030 637 2085 exposuit
686 2029 896 2083 Kiitzing,
964 2028 1218 2070 Dolendum
1268 2043 1373 2070 sane
1423 2027 1614 2069 dicerem

50 2101 346 2155 Kiitzingium
380 2100 556 2142 nullum
590 2100 888 2156 pericarpium
924 2100 1007 2142 sibi
1041 2114 1189 2141 coram
1226 2099 1434 2141 babuisse
1466 2099 1615 2153 ‹lepin—

51 2172 271 2227 gendum;
316 2172 366 2214 In
401 2173 484 2214 hoc
517 2173 637 2214 enim
671 2172 804 2213 series
837 2171 1097 2213 cellularum
1134 2171 1405 2213 radiantium
1440 2170 1499 2211 ita
1531 2171 1616 2211 evi-

52 2243 207 2285 denter
240 2248 507 2285 structuram
548 2243 910 2298 Nitopliyllorum
945 2242 1166 2284 redditam
1200 2242 1446 2289 observavi,
1483 2247 1530 2282 ut
1562 2241 1616 2283 de

50 2315 239 2369 analoga
287 2319 508 2356 structura
556 2314 788 2369 utriusque
838 2314 957 2355 nulla
1007 2314 1191 2354 omnino
1234 2312 1441 2354 adessent
1479 2312 1617 2354 dubia

52 2411 107 2414 —
151 2385 233 2426 nisi
284 2386 397 2426 inter
443 2385 577 2426 series
625 2386 731 2427 istas
779 2385 1038 2427 cellularum
1090 2384 1361 2437 ubicumque
1409 2383 1615 2425 adessent

50 2456 353 2498 minutissima
400 2455 473 2497 illa
522 2461 701 2511 puncta,
750 2462 1055 2498 anastomoses
1096 2455 1235 2497 dictas
1268 2455 1384 2496 inter
1417 2454 1614 2496 diversas

50 2526 232 2568 cellulas
256 2533 535 2576 transsectas,
559 2541 697 2581 quam
719 2527 1053 2570 evidentissime
1077 2525 1442 2567 demonstrantia.
1479 2525 1614 2567 Omni

51 2598 136 2639 alio
170 2605 372 2653 respectu
406 2597 675 2653 peculiarem
710 2603 979 2640 structuram
1015 2597 1298 2650 Neuroglossi
1332 2596 1393 2638 ita
1421 2596 1463 2637 in
1490 2597 1614 2638 icone

53 2668 357 2723 Kiitzingiana
389 2669 609 2711 redditam
640 2674 682 2711 et
704 2670 970 2712 illustratam
995 2673 1113 2724 put0‚
1140 2674 1187 2709 ut
1208 2668 1405 2723 typicam
1430 2668 1615 2709 Generis

52 2739 287 2794 cujusdam
322 2744 591 2782 structuram
625 2741 784 2783 melius
817 2741 1034 2782 redditam
1072 2740 1146 2781 vix
1179 2739 1323 2780 dicere
1356 2738 1497 2781 liceat.

195 2809 484 2868 Quamquam
533 2825 637 2853 vero
684 2813 744 2853 ita
792 2812 989 2866 typicam
1023 2815 1290 2851 structuram
1327 2809 1612 2865 Neuroglossi

50 2881 335 2937 potissimum
381 2896 485 2925 cum
532 2897 584 2925 ea
630 2883 992 2939 Nitophyllorum
1041 2895 1284 2937 congruere
1325 2881 1532 2932 dicerem,
1566 2886 1609 2924 01
