1875 3116
98 104 347 147 Pteridium.
747 102 1000 143 Primnum
1572 100 1656 140 219

98 222 233 277 hujus
281 222 374 277 typi
423 222 580 263 melius
627 220 877 277 judicatum
926 219 1074 266 fuisse,
1120 219 1272 261 forsan
1315 233 1493 275 quoque
1526 232 1656 273 agno-

98 307 217 335 scere
249 296 513 348 opporteret.

240 363 301 406 Ut
332 378 448 418 saepe
480 363 612 404 hodie
646 362 813 411 monui,
849 362 1127 404 characteres
1161 361 1349 416 singulis
1379 361 1497 417 typis
1521 374 1656 416 quam

99 434 292 476 maxime
340 434 548 489 insignes,
600 448 720 475 nunc
768 438 810 474 et
857 432 903 473 in
945 433 1074 474 cortis
1114 432 1384 487 quibusdam
1418 431 1659 487 Specrebus

98 506 309 548 obvenire
353 505 597 547 admodum
643 504 919 559 conspicuos,
967 504 1074 545 dum
1110 505 1154 545 in
1188 504 1284 545 aliis
1318 503 1496 546 eosdem
1531 504 1660 545 confi-

100 578 177 619 teri
211 580 415 632 opportet
446 591 566 617 nunc
599 580 870 631 personatos,
906 590 1026 617 nunc
1058 576 1120 617 ita
1153 590 1311 630 parum
1345 574 1580 631 perductos
1614 580 1662 616 ut

98 663 212 704 aegre
259 651 653 702 recognoscantur3
704 661 824 688 nunc
873 647 983 702 quin
1024 647 1162 688 immo
1201 661 1303 688 cum
1337 647 1434 688 aliis
1466 648 1657 703 junctOS,

98 719 261 775 quibus
308 718 600 760 suadentibus
648 719 792 759 forma
839 718 1044 773 quaedam
1098 718 1230 759 unius
1277 718 1371 773 typi
1422 718 1570 774 potius
1602 717 1658 759 ad

97 791 234 833 alium
268 795 427 846 typum
459 789 602 844 magis
635 789 919 831 accedentem
953 790 1169 845 suspicari
1202 789 1363 839 liceret,
1388 789 1433 830 id
1456 790 1540 831 hoc
1564 788 1659 830 loco

98 876 277 917 quoque
325 861 550 903 monuisse
598 861 755 915 placet.
821 860 935 902 Sunt
982 875 1135 902 revera
1182 861 1227 902 in
1261 860 1513 916 Speciebus,
1550 874 1661 914 quas

99 933 153 975 ad
188 932 340 974 Genus
372 931 555 973 Pteridii
587 931 717 973 hodie
742 931 998 973 referendas
1023 932 1188 986 putavi,
1215 932 1489 973 characteres
1512 931 1660 986 plures

98 1003 338 1059 conjuncti,
389 1017 414 1043 a
462 1002 625 1057 quibus
673 1002 851 1043 facilius
900 1002 999 1056 quis
1037 1001 1305 1055 judicaverit
1337 1002 1514 1056 Species
1549 1002 1659 1057 ejus-

99 1075 199 1117 dem
248 1074 304 1116 ad
353 1079 480 1129 typos
529 1073 772 1114 admodum
825 1072 1023 1115 diversos
1077 1087 1231 1114 rcvcra
1283 1073 1661 1127 adproximandas

99 1161 203 1188 esse,
270 1146 334 1187 De
383 1145 568 1200 singulis
618 1146 685 1186 his
733 1144 1064 1186 characteribus
1114 1145 1297 1186 seorsim
1343 1159 1484 1199 pauca
1517 1144 1662 1186 dicere

98 1217 230 1260 hodie
262 1217 440 1273 placuit.

242 1289 398 1330 Exstat
445 1289 634 1344 Species,
686 1288 767 1329 sub
812 1288 993 1329 nomine
1028 1288 1080 1330 D.
1116 1288 1340 1341 spe'nulosoe
1371 1302 1395 1329 a
1431 1302 1499 1329 me
1532 1287 1661 1342 adop-

98 1365 201 1410 tata,
249 1359 520 1415 jamdudum
567 1374 593 1401 a
640 1359 870 1414 Ruprecht
918 1359 963 1399 in
1003 1358 1206 1414 pluribus
1240 1358 1398 1400 formis
1430 1359 1485 1400 ab
1519 1373 1570 1400 eo
1603 1358 1662 1400 di-

100 1432 270 1474 stinctis
303 1432 509 1486 (quarum
544 1445 677 1472 unam
714 1431 769 1472 D.
797 1431 1130 1483 Beermfflfamcm
1164 1431 1305 1485 magis
1335 1429 1534 1472 adultam
1558 1444 1663 1484 quo-

100 1517 186 1558 que
219 1502 324 1552 vidi,
359 1508 403 1544 at
436 1503 585 1544 minus
620 1502 730 1544 bene
763 1506 1083 1551 conservatam,
1130 1502 1313 1543 alteram
1349 1501 1404 1543 D.
1441 1502 1663 1555 Beermyz'-

101 1590 230 1616 emma
262 1575 534 1627 ffinulosam,
570 1573 729 1615 melius
762 1573 987 1615 evolutam
1021 1572 1261 1628 descripsi).
1312 1572 1519 1614 Formam
1550 1573 1664 1614 fron-

101 1645 167 1688 dis
201 1650 242 1687 et
274 1645 549 1687 characteres
582 1644 916 1686 ramificationis
950 1644 1085 1700 hujus
1119 1643 1289 1698 Speciei
1322 1644 1383 1685 ita
1416 1644 1470 1685 D.
1500 1645 1662 1703 ‘alatam

100 1717 310 1766 referunt,
360 1720 409 1758 ut
455 1716 661 1757 incautus
711 1715 898 1757 eandem
950 1715 1151 1770 Speciem
1200 1715 1378 1756 facilius
1417 1715 1519 1770 quis
1551 1715 1664 1771 judi—

100 1788 275 1831 caverit.
342 1787 418 1829 Sin
468 1801 572 1830 vero
621 1786 810 1828 eandem
855 1786 1003 1841 quoad
1042 1791 1312 1828 structuram
1344 1785 1515 1828 frondis
1549 1787 1662 1841 quis—

101 1859 220 1914 piam
253 1859 588 1907 examinaverit,
614 1859 759 1913 primo
784 1858 948 1900 intuitu
972 1857 1217 1899 admodum
1241 1857 1464 1900 diversam
1487 1857 1664 1899 facilius

101 1929 281 1972 videbit.
346 1930 397 1971 In
442 1930 496 1971 D.
531 1930 750 1983 spz‘mdosa
793 1929 1027 1972 observare
1070 1929 1171 1971 licet
1208 1933 1374 1971 costam
1409 1933 1662 1971 contextam

101 2001 268 2043 cellulis
308 2001 599 2056 cylindraceis
644 2015 769 2043 secus
802 2001 1132 2056 longitudinem
1165 2000 1339 2042 frondis
1372 2001 1601 2055 elongatis
1638 2014 1663 2042 a

101 2072 270 2114 cellulis
311 2072 481 2114 alarum
523 2072 838 2128 marginalium
872 2071 1117 2114 admodum
1150 2072 1356 2121 diversis;
1407 2073 1526 2126 ipsas
1560 2086 1663 2114 vero

101 2144 182 2185 has
215 2143 306 2184 alas
340 2144 464 2185 venis
498 2143 748 2193 instructas,
785 2143 1035 2198 marginem
1069 2158 1223 2186 versus
1257 2143 1479 2198 [annatim
1514 2156 1663 2184 excur-

101 2214 301 2256 rentibus
349 2219 392 2256 et
436 2228 552 2269 saepe
584 2214 631 2256 in
664 2214 844 2256 dentem
878 2214 1105 2269 marginis,
1140 2218 1335 2255 attamen
1373 2228 1531 2268 parum
1566 2228 1663 2255 con-

102 2285 319 2341 spicuum,
370 2284 699 2334 desinentibus;
748 2285 1009 2327 interveniis
1059 2299 1161 2326 vcro
1204 2284 1373 2325 cellulis
1411 2284 1664 2325 rotundato-

103 2355 338 2410 angulatis‚
389 2370 467 2397 suo
516 2356 693 2410 proprio
743 2355 875 2396 modo
923 2356 1050 2409 quasi
1096 2356 1140 2396 in
1174 2355 1376 2409 cyclades
1409 2354 1662 2396 subdivisis.

104 2427 394 2475 Structuram,
444 2440 581 2480 quam
629 2426 674 2467 in
724 2426 774 2466 D.
810 2426 1039 2480 spinnlosa
1086 2425 1329 2467 admodum
1374 2426 1663 2480 conspicuam

104 2496 349 2545 observavi,
400 2497 461 2538 ita
509 2497 590 2538 hoc
634 2502 839 2551 respectu
873 2496 1110 2538 convenire
1146 2510 1247 2537 cum
1282 2501 1504 2538 structura
1540 2511 1665 2551 pecu-

104 2568 214 2618 liari,
249 2582 385 2623 quam
420 2567 678 2623 Apoglossis
711 2567 788 2620 (D.
824 2568 1070 2621 reascejfolzfa)
1109 2568 1511 2610 characteristicam
1547 2568 1665 2611 novi-

106 2653 218 2685 mus,
263 2644 311 2681 ut
350 2653 399 2681 ea
433 2639 623 2681 ducente
658 2638 832 2680 facilius
850 2639 965 2693 -quis
999 2639 1284 2693 sulssqmsucrit
1317 2639 1371 2681 D.
1405 2640 1667 2693 ‹spinulosam

105 2709 162 2751 ad
205 2709 450 2764 Apoglossa
495 2709 774 2752 referendam
820 2708 984 2763 esse²³²).
1049 2709 1127 2750 Sin
1161 2723 1264 2751 vero
1298 2710 1533 2765 Specimen
1567 2725 1665 2752 con-

249 2815 281 2856 ae)
307 2818 538 2851 Structuram
574 2816 799 2859 descriptam
837 2826 919 2849 esse
959 2816 997 2849 l),
1025 2816 1229 2859 spinulosae
1262 2817 1426 2860 typicam
1454 2821 1668 2851 monstrant

106 2875 263 2916 diversae
306 2877 447 2919 formae,
486 2887 579 2920 quas
624 2879 756 2919 postea
793 2874 1084 2917 descripserunt.
1149 2877 1203 2910 [ta
1240 2877 1363 2910 forma
1400 2877 1473 2920 illa,
1513 2878 1666 2912 nomine
