1875 3116
176 99 256 140 1102
756 98 1153 141 NEUROGLOSSEAE.'

312 216 431 257 Alias
470 214 692 268 ejusmodi
724 214 952 269 analogias
985 215 1032 256 in
1064 215 1161 269 ipsa
1194 220 1417 257 structura
1447 217 1621 260 frondis
1659 217 1731 259 ob-

168 287 319 328 venire
343 300 470 341 posse
492 286 606 327 inter
628 285 779 341 Typos
800 286 898 327 illos
921 285 1311 335 Delesseriearum,
1332 300 1445 341 quos
1463 288 1733 344 principales

167 358 399 411 hucusque
441 361 721 411 agnoverunt
763 357 1071 412 (Nitophylleas
1112 361 1154 399 et
1186 357 1494 413 Delesserieas),
1530 359 1640 401 mihi
1675 365 1729 402 te-

167 429 327 469 stantia
361 427 572 470 videntur
605 428 781 470 Genera
805 428 945 483 plura,
971 442 1072 483 quas
1095 428 1226 471 hodie
1248 429 1364 471 inter
1388 429 1735 485 Botryocarpeas

166 498 391 554 descripsi,
427 513 707 554 quamquam
740 499 835 541 haec
870 499 956 541 alio
990 504 1032 541 et
1065 514 1145 542 suo
1179 500 1358 555 proprio
1382 500 1515 542 modo
1538 501 1734 544 eundem

165 569 344 625 Typum
379 575 551 612 mutare
583 569 804 612 videntur.
854 570 947 613 Nec
980 570 1204 625 ejusmodi
1236 570 1457 627 judicium
1490 571 1545 614 de
1575 577 1735 614 mutua

164 641 383 682 affinitate
430 642 636 683 omnium
669 667 726 672 —
758 656 1037 697 quamquam
1085 646 1357 684 structuram
1398 642 1484 684 alio
1519 643 1651 686 modo
1684 644 1732 686 in

163 712 260 753 aliis
292 712 556 767 perductam
588 712 783 755 dicerem
815 738 873 743 —
905 713 1191 768 repudiatum
1224 718 1431 768 putarem
1458 728 1514 756 ex
1537 728 1587 756 eo
1611 715 1732 770 quod

162 782 279 824 intra
324 783 546 825 familiam
595 783 972 826 Delesseriearum
1019 784 1067 826 in
1114 784 1211 826 aliis
1250 784 1500 827 Generibus
1533 786 1729 828 eundem

162 854 371 896 omnibns
404 854 585 910 Typum
618 855 704 897 alio
738 855 871 897 modo
905 860 1130 897 mutatum
1164 856 1377 898 obvenire
1410 857 1733 900 assumendum

163 926 428 981 putaverim.
483 925 584 975 Quo
617 931 768 969 autem
801 927 944 982 magis
979 927 1062 969 hoc
1084 927 1218 969 modo
1242 926 1569 982 complicantur
1591 928 1732 970 affini-

162 1002 284 1042 tates,
319 998 438 1052 typis
472 997 699 1040 Gener-icis
733 1012 823 1040 uno
856 999 1112 1041 charactere
1149 998 1489 1053 congruentiam
1523 1013 1626 1040 cum
1649 1000 1732 1041 hoc

160 1068 398 1117 indicante,
448 1069 533 1110 alio
581 1070 835 1112 charactere
883 1070 1022 1111 alium
1070 1084 1224 1111 versus
1274 1069 1458 1124 Typum
1505 1069 1728 1120 tendente,

160 1138 446 1181 difficultates
494 1139 797 1196 dispositionis
845 1141 1089 1183 increscere
1137 1146 1270 1196 patet.
1338 1140 1461 1182 Hinc
1500 1140 1554 1183 de
1587 1141 1730 1196 dispo-

159 1212 318 1252 sitione
366 1212 558 1266 propria,
608 1217 780 1254 naturae
828 1217 1138 1262 consentanea,
1190 1212 1266 1254 vix
1313 1211 1551 1267 dijudicari
1589 1212 1721 1255 licere

160 1282 243 1323 nisi
277 1282 358 1324 rite
391 1283 581 1338 cognitis
614 1283 732 1338 typis
765 1282 952 1325 diversis
986 1288 1028 1325 et
1060 1282 1229 1325 mutuis
1268 1283 1511 1338 perspectis
1545 1298 1727 1339 congru-

159 1353 301 1404 entiis,
350 1354 514 1409 quibus
561 1354 838 1397 conveniunt
883 1354 1100 1404 nonnulli,
1136 1354 1406 1397 distantibus
1440 1355 1549 1402 aliis,
1586 1355 1718 1397 hodie

159 1424 265 1465 mihi
301 1439 567 1479 persuasum
600 1425 753 1469 habui.

301 1496 520 1539 Gordium
567 1497 703 1552 igitur
750 1497 1025 1540 affinitatum
1072 1496 1244 1539 nodum
1282 1497 1452 1539 solvere
1485 1497 1561 1541 vix
1593 1498 1723 1540 licere

156 1572 375 1623 putarem,
410 1568 496 1610 nisi
543 1569 711 1610 trutina
755 1568 876 1624 justa
912 1568 1144 1624 perpensis
1184 1568 1527 1619 characteribus,
1564 1569 1728 1624 quibus

156 1639 334 1681 differre
382 1639 593 1682 videntur
640 1641 735 1695 typi
784 1639 969 1689 diversi;
1011 1644 1053 1682 et
1086 1640 1168 1682 hoc
1205 1645 1409 1695 respectu
1444 1639 1576 1682 hodie
1609 1654 1727 1682 assu-

157 1724 276 1752 mere
300 1725 435 1752 ausus
459 1725 560 1752 sum
583 1711 820 1766 primarios
843 1711 1120 1753 affinitatum
1139 1711 1415 1753 characteres
1434 1725 1489 1753 ex
1506 1715 1729 1754 structura

156 1786 252 1823 tum
299 1782 441 1836 ipsius
487 1782 672 1830 frondis,
713 1782 895 1837 qualem
926 1783 1043 1824 hanc
1077 1783 1348 1838 comparatis
1381 1781 1589 1838 plurimis
1623 1782 1725 1838 Spe-

155 1853 305 1895 ciebus
359 1853 711 1908 dignoscendam
764 1854 932 1909 putavi,
987 1858 1083 1895 tum
1134 1854 1279 1896 nuclei
1328 1854 1722 1909 cystocarpiorum,

155 1925 334 1979 qualem
382 1925 502 1966 hunc
549 1925 612 1979 (in
660 1925 817 1967 formis
858 1925 943 1966 alio
990 1929 1193 1979 respectu
1227 1939 1365 1980 quam
1399 1924 1594 1967 maxime
1627 1939 1726 1967 con-

153 1995 432 2050 gruentibus)
465 1996 794 2038 characteribus
828 1996 1090 2038 distinctum
1127 1995 1339 2054 judicavi.

298 2066 578 2109 Structuram
613 2067 885 2121 Nenfroylossfi
919 2071 961 2108 et
992 2067 1339 2121 Nitophyllormn
1361 2067 1489 2122 quasi
1512 2067 1724 2122 typicam,

154 2138 216 2178 ita
248 2152 528 2193 perpensam,
565 2139 767 2193 proxime
800 2152 1043 2193 congruere
1077 2138 1250 2193 putavi;
1285 2137 1476 2180 eandem
1499 2152 1603 2180 vero
1628 2153 1722 2193 pro-

157 2209 250 2263 prio
285 2223 364 2251 suo
398 2209 531 2251 modo
564 2209 611 2250 in
650 2209 949 2264 Neuroglosso
988 2209 1081 2250 fieri
1115 2213 1334 2250 mutatam
1367 2235 1425 2239 ——
1457 2209 1586 2265 quasi
1618 2210 1723 2252 ulte-

154 2280 267 2321 riore
315 2279 655 2335 complicatione
703 2280 906 2336 ejusdem
955 2284 1187 2322 structurae
1235 2284 1390 2322 ortam.
1469 2279 1569 2329 Quo
1618 2295 1722 2323 vero

156 2350 287 2391 modo
335 2350 646 2407 Neuroglossa,
697 2352 825 2407 quasi
873 2352 1216 2406 organisationis
1262 2351 1404 2406 stadio
1439 2352 1665 2406 superiore
1698 2367 1725 2394 a

154 2421 193 2461 N
199 2421 424 2477 itophyllis
458 2421 635 2465 diversa
667 2423 835 2477 putavi,
870 2422 1028 2465 eodem
1051 2423 1143 2464 fere
1166 2423 1299 2464 modo
1323 2422 1517 2465 dicerem
1541 2422 1720 2465 differre

155 2493 349 2535 Pteridz‘ct
396 2507 421 2534 a
469 2493 754 2536 Delesserieis
803 2493 1005 2548 propriis.
1073 2493 1133 2535 Ut
1170 2493 1442 2549 Nitophyllis
1481 2498 1524 2535 et
1557 2493 1723 2536 Neuro-

154 2563 310 2616 glossis
345 2564 546 2618 typicum
578 2566 731 2619 putavi
766 2565 947 2607 cellulas
970 2564 1143 2607 frondis
1167 2565 1373 2620 generari
1398 2565 1719 2620 superpositas;

158 2633 216 2674 ita
250 2633 507 2676 Delesseriis
542 2636 663 2678 velut
696 2636 901 2678 Pteridiis
934 2636 1133 2678 normale
1167 2635 1360 2678 dicerem
1393 2635 1572 2678 cellulas
1604 2636 1721 2677 fron-

156 2703 278 2745 ‹lium
313 2706 550 2748 exteriores
583 2721 677 2749 esse
710 2706 810 2762 plus
843 2707 993 2749 minus
1027 2707 1265 2762 conspicue
1298 2721 1401 2749 cum
1433 2706 1718 2748 interioribus

156 2774 436 2817 alternantes.
504 2777 746 2819 Affinitatis
795 2777 972 2827 indicia,
1024 2792 1123 2833 quae
1171 2778 1234 2819 ita
1278 2792 1333 2819 ex
1369 2777 1465 2833 ipsa
1498 2781 1720 2819 structura

157 2844 323 2885 frondis
367 2846 581 2889 deducere
623 2862 758 2890 ausus
803 2863 914 2899 sum,
951 2849 1061 2903 quin
1093 2849 1232 2890 immo
1266 2848 1527 2890 confirmata
1559 2848 1713 2904 putavi
