1875 3116
178 117 258 158 180
796 112 1113 153 DELESSERIAE.
1459 110 1736 152 Hemiueura.

206 235 240 274 1.
312 233 492 274 HEMIN.
518 245 760 273 FssonnosA
786 231 921 273 Harv.
944 229 1044 272 Ner.
1065 235 1219 283 austr.,·
1241 228 1335 271 Del.
1347 228 1558 283 frondosa
1583 229 1739 282 Harv.,·

315 305 359 347 J.
394 305 474 358 Ay.
511 304 657 356 Epion
686 318 731 357 p.
766 305 864 345 435.

204 438 229 477 ΚΟ

316 435 529 476 ΗΕΜΙΝ.Ῥ
563 434 804 476 W112soms
852 434 896 475 J.
937 433 1017 486 Ag).
1051 447 1171 474 mser.
1221 431 1374 474 costali
1422 431 1615 486 regione,
1664 431 1740 473 Vix

315 506 555 561 conspicue
603 505 823 555 distincta,
873 508 1012 546 totam
1060 503 1270 545 frondem
1318 503 1408 545 fere
1453 502 1575 544 nudo
1613 502 1740 544 oculo

316 579 643 633 homogeneam
691 579 970 618 monstrante
1010 579 1053 617 et
1096 576 1222 630 quasi
1258 574 1459 630 opposite
1492 574 1738 630 pinnatam,

316 649 499 691 rachide
546 648 810 703 laciniisque
858 647 1030 689 ambitu
1074 645 1495 696 ovato-lanceolatis‚
1540 645 1743 700 margine

318 721 581 764 tenuissime
629 720 926 769 denticulatis,
971 719 1082 761 soris
1122 718 1309 760 minutis
1342 717 1593 760 rotundatis
1626 716 1743 758 intra

318 793 611 848 marginalem
658 806 806 833 aream
850 791 1155 847 angustiorem
1194 789 1493 831 sublinearem
1526 802 1743 843 occupan-

318 865 450 907 tibus.

389 947 506 991 Hab.
551 947 608 989 ad
654 961 754 989 oras
795 946 902 988 Port
939 945 1104 1001 Phillip
1138 945 1277 987 Novae
1311 943 1578 993 Hollandiae,
1613 957 1639 985 a
1671 942 1742 984 ΒΥ.

389 1019 563 1062 Wilson
595 1018 708 1061 mihi
741 1018 889 1060 missa.

318 1104 373 1138 De
412 1104 598 1138 affinitate
636 1103 752 1146 hujus
789 1101 935 1145 Speciei
969 1112 1029 1134 me
1055 1101 1119 1134 diu
1146 1100 1342 1134 dubitasse
1368 1100 1543 1133 lubenter
1568 1099 1744 1140 dicerem,

180 1175 227 1198 ex
254 1176 331 1198 una
356 1167 462 1207 parte
489 1164 648 1197 eandem
680 1161 891 1206 Nitophyllo
916 1171 1016 1195 eroso
1041 1160 1204 1195 vicinam
1231 1160 1417 1204 judicans,
1445 1170 1491 1193 ex
1519 1159 1636 1192 altera
1661 1168 1744 1191 eam

178 1236 262 1258 cum
300 1223 529 1258 Hemineura
561 1233 796 1266 comparans.
849 1222 1086 1263 Quamquam
1114 1220 1216 1253 nudo
1242 1220 1350 1253 oculo
1377 1222 1481 1253 costa
1507 1219 1570 1253 vix
1598 1217 1745 1260 conspi-

178 1285 308 1324 ciatur,
347 1286 475 1317 tamen
514 1283 623 1316 oculo
659 1284 804 1315 armato
838 1284 981 1315 costam
1015 1281 1148 1314 adesse
1174 1282 1288 1323 patet,
1316 1279 1461 1313 cellulis
1488 1281 1601 1313 costae
1627 1277 1745 1311 ternis

177 1345 256 1378 fere
296 1342 811 1386 oblongo-rectangularibus,
850 1350 919 1374 suo
955 1340 1139 1373 diametro
1172 1338 1396 1382 1¹s22ffl31p10
1422 1338 1666 1381 longioribus,
1694 1337 1745 1370 in-

179 1403 299 1438 vicem
339 1402 569 1437 subalternis
608 1404 803 1443 contexta3
842 1401 926 1434 aliis
965 1399 1110 1434 cellulis
1147 1397 1386 1443 paginalibus
1419 1399 1745 1441 hexagono-angli>

177 1464 274 1505 latis,
314 1464 396 1497 sine
435 1463 642 1506 adparente
679 1461 810 1495 ordine
849 1459 1063 1503 dispositis;
1104 1460 1173 1492 has
1212 1458 1566 1493 monostromaticas
1596 1456 1745 1490 facilius

177 1524 261 1567 quis
295 1526 460 1567 putaretq
489 1522 641 1555 easdem
672 1532 761 1555 vero
788 1521 955 1554 sectione
981 1519 1225 1553 transversali
1252 1519 1471 1553 observatas
1498 1520 1670 1551 constare
1695 1515 1746 1549 di-

178 1594 300 1617 cerem
329 1583 463 1617 cellula
489 1581 667 1615 interiore
693 1582 771 1614 fere
798 1580 930 1614 cubica
956 1580 1134 1622 utrinque
1161 1578 1372 1621 marginata
1389 1578 1525 1612 cellula
1542 1576 1746 1620 conspicue

178 1643 406 1686 angustiore.
457 1643 502 1675 In
540 1652 626 1675 soro
664 1641 866 1674 observare
904 1640 1045 1673 credidi
1084 1639 1258 1673 cellulam
1297 1638 1462 1672 mediam
1500 1637 1539 1670 in
1575 1636 1744 1679 geminas

182 1703 356 1743 divisam,
396 1702 567 1745 partibus
606 1704 649 1734 ut
686 1703 858 1744 putarem
898 1699 951 1733 ita
988 1699 1264 1732 alternantibus
1299 1701 1342 1731 ut
1372 1708 1449 1731 una
1474 1697 1521 1730 ad
1547 1699 1746 1738 utramque

183 1762 359 1805 paginam
388 1762 431 1795 fit
456 1761 576 1803 magis
604 1760 879 1803 adproximata,
898 1762 935 1793 et
952 1759 991 1792 in
1010 1769 1095 1792 soro
1114 1762 1272 1801 utraque
1290 1757 1425 1791 fertilis
1444 1757 1565 1800 ipsam
1584 1756 1745 1799 sphaero—

179 1833 329 1865 sporam
370 1821 417 1854 ad
457 1832 565 1854 suam
604 1820 782 1863 paginam
821 1819 1011 1853 emittens
1063 1819 1173 1852 Soros
1213 1818 1327 1860 igitur
1353 1828 1374 1850 a
1399 1817 1496 1850 facie
1526 1816 1745 1849 observatos

180 1881 264 1914 aliis
303 1880 577 1924 sphaerosporis
617 1867 971 1919 maturescentibus
1012 1878 1050 1911 in
1087 1881 1285 1920 utramque
1312 1877 1489 1920 pagiuam
1516 1875 1744 1909 translucen-

180 1941 292 1981 tibus,
333 1951 436 1973 more
475 1940 706 1983 Hypoglossi
747 1942 930 1979 constare,
971 1938 1053 1971 aliis
1092 1937 1237 1971 cellulis
1274 1936 1494 1975 minoribus,
1522 1936 1651 1968 forsan
1677 1944 1745 1967 suo

180 2000 311 2033 ordine
350 2000 388 2032 in
427 2000 711 2042 sphaerosporas
747 1998 951 2032 mutandis.
1004 1998 1192 2031 Suadente
1228 1997 1342 2039 igitur
1373 2007 1469 2037 soro,
1497 1995 1561 2029 vix
1587 1994 1744 2028 dubium

180 2059 273 2093 mihi
301 2057 521 2102 zulparuisse
547 2059 710 2092 dicerem
738 2058 908 2101 plantam
935 2057 1177 2100 potissimum
1202 2052 1285 2089 esse
1303 2056 1545 2099 Hypoglosso
1564 2054 1743 2091 vicinam„

180 2123 217 2153 et
251 2119 374 2162 quoad
411 2118 646 2152 characteres
677 2120 876 2151 structurae
903 2117 1049 2150 frondis
1076 2116 1235 2149 eandem
1262 2116 1395 2149 sistere
1423 2115 1592 2158 Speciem
1622 2113 1743 2146 Hemi‘

180 2190 305 2212 neura}
333 2178 534 2221 propriam.

324 2238 457 2278 Quoad
484 2237 768 2270 ramificationis
795 2248 966 2270 normam
994 2236 1116 2269 obiter
1142 2234 1358 2278 inspicienti
1385 2234 1565 2277 adpareat
1590 2232 1746 2266 lacinias

181 2300 258 2331 fere
297 2297 461 2331 invicem
500 2296 695 2339 oppositas
735 2295 920 2338 generari3
955 2295 1043 2337 quia
1078 2298 1203 2328 autem
1230 2294 1393 2328 invicem
1422 2293 1614 2336 proximae,
1641 2292 1746 2325 alter·

181 2358 385 2396 nationem,
414 2368 525 2399 quam
556 2367 685 2390 revera
711 2357 844 2389 adesse
872 2358 1055 2398 putarem,
1084 2355 1147 2389 vix
1174 2354 1417 2397 conspicuam
1445 2353 1620 2386 dicerem.

324 2416 568 2459 Cystocarpia
606 2415 848 2448 Hemineurae
887 2417 1001 2447 costae
1040 2413 1218 2456 imposita
1256 2412 1425 2455 generari
1461 2414 1618 2452 constat,
1646 2411 1745 2453 quod

183 2478 355 2510 lubenter
381 2476 635 2508 characterem
663 2474 796 2508 sistere
823 2473 981 2507 Generis
1009 2473 1297 2506 considerarem.
1336 2472 1399 2505 Me
1425 2471 1464 2504 in
1491 2482 1588 2504 nova
1615 2470 1746 2513 Specie

184 2535 413 2579 paucissima
451 2534 592 2568 vidisse
630 2534 865 2577 cystocarpia
903 2543 1106 2575 agnoscere
1144 2534 1319 2575 opportet
1357 2534 1394 2564 et
1431 2531 1510 2565 haec
1541 2530 1680 2573 saepius
1706 2529 1745 2562 in

182 2595 318 2628 lacinia
357 2605 488 2637 parum
526 2594 677 2628 evoluta
710 2595 787 2626 fere
814 2593 912 2626 infra
939 2593 1081 2636 apicem
1110 2592 1288 2634 scditaria,
1315 2591 1415 2633 quod
1442 2591 1569 2623 forsan
1596 2589 1744 2623 cuidam

185 2655 373 2688 videretur
411 2654 544 2686 sistere
583 2654 837 2687 characterem
876 2653 1130 2685 abludentem.
1182 2652 1264 2685 Hoc
1300 2661 1388 2684 vero
1418 2652 1592 2693 respectu
1618 2648 1745 2681 memi-

184 2714 285 2746 nisse
312 2713 435 2755 placet
461 2713 626 2756 typicam
655 2713 824 2755 Speciem
854 2712 1096 2745 }.lemineu1·ae
1123 2713 1266 2744 costam
1294 2720 1420 2751 gerere
1444 2709 1550 2751 quasi
1570 2708 1746 2749 utrinque

189 2792 224 2795 —-
254 2776 290 2805 vt
319 2772 393 2804 ima
420 2772 501 2805 basi
529 2775 567 2805 et
592 2772 698 2814 apice
725 2771 831 2813 quasi
859 2773 1160 2805 evanescentem.
1212 2769 1248 2802 Si
1275 2769 1314 2801 in
1342 2768 1473 2811 Specie
1499 2771 1628 2801 nostra
1647 2777 1746 2801 nova

185 2833 323 2870 lingere
363 2831 491 2864 liceret
528 2834 682 2873 costam,
722 2842 805 2864 csse
844 2831 973 2863 eodem
1016 2830 1126 2863 modo
1159 2829 1198 2862 in
1225 2828 1349 2862 media
1375 2831 1479 2871 parte
1506 2827 1650 2861 laciniae
1676 2826 1744 2869 pri-

187 2902 286 2922 11111111
322 2890 524 2933 evolutaun,
556 2890 738 2933 suspicari
770 2891 894 2923 forsan
924 2889 1052 2922 liceret
1077 2888 1321 2931 cystocarpia,
1350 2888 1387 2920 in
1412 2887 1562 2930 juniore
1588 2885 1746 2929 pinnula
