1875 3116
107 79 508 133 Arachnophyllum.
732 76 1045 117 DELEssEmffl.
1583 73 1666 113 ⁶207

105 198 294 241 eandem
339 197 431 240 vim
478 196 610 240 hodie
658 194 1003 238 adtribuendam
1051 207 1146 235 esse
1194 206 1329 247 quam
1370 192 1473 233 olim
1508 190 1668 233 iisdem

104 269 364 312 attributam
400 269 631 318 novimus;
670 293 718 297 -—
756 266 973 308 memoria
1005 278 1184 320 quoque
1217 263 1434 319 repetenti
1467 262 1578 304 mihi
1608 263 1668 317 ip-

106 355 205 383 sum
239 340 366 382 illum
401 340 529 395 quasi
563 338 827 395 primarium
861 338 1175 385 characterem,
1205 350 1339 391 quem
1364 335 1408 376 in
1434 334 1670 390 praesentia

105 417 183 454 aut
231 412 408 454 defectu
457 415 588 453 costae
633 411 748 451 inter
786 408 1046 464 Nitophylla
1078 413 1121 449 et
1155 407 1422 449 Delesserias
1454 420 1669 448 assumse-

105 489 222 534 runt,
272 483 382 538 quin
430 483 570 524 immo
612 495 732 523 nunc
778 480 941 529 fallere,
976 505 1032 509 ——
1064 478 1324 534 adparuisse
1357 478 1569 519 confiteor
1601 477 1670 519 his

106 554 436 597 characteribus
470 552 760 595 suadentibus
795 551 848 593 de
882 551 1101 593 affinitate
1134 550 1292 591 horum
1334 550 1558 591 Generum
1596 548 1671 591 vix

106 626 411 681 conjecturam
444 624 672 679 quandam
706 622 985 664 innitendam
1021 636 1127 664 esse.
1187 621 1355 676 Ignotis
1388 635 1542 663 revera
1574 624 1671 662 tum

106 697 152 738 in
202 695 568 751 Arachnophyllo
616 699 711 736 tum
761 694 805 734 in
856 693 1065 734 Calloseri
1099 692 1385 747 cystocarpiis
1420 718 1472 721 -—
1507 691 1671 747 quibus

107 782 330 810 summam
366 766 499 808 fidem
533 766 579 807 in
606 765 826 807 affinitate
849 763 1140 819 dijudicanda
1162 763 1491 805 attribuendam
1518 762 1672 818 putavi

107 865 163 869 —
197 839 381 880 omnino
429 842 752 893 praematurum
796 835 962 877 credidi
1002 835 1055 876 de
1088 835 1307 876 affinitate
1339 834 1500 876 horum
1534 835 1671 876 Gene-

108 925 208 952 rum
243 911 500 966 opinionem
537 908 766 964 quandam
800 908 1011 962 proferre,
1047 905 1091 947 id
1124 906 1256 947 hodie
1283 906 1503 960 expressis
1526 905 1673 948 verbis

109 982 274 1025 dixisse
306 982 485 1038 placuit.

252 1054 328 1096 Sin
363 1068 467 1096 vero
500 1053 770 1108 comparatis
800 1052 911 1093 soris
935 1051 1345 1106 sphaerosporarum
1369 1053 1673 1103 conjecturam

109 1125 338 1181 quandam
389 1124 443 1166 de
491 1125 710 1166 affinitate
749 1122 1102 1177 Arachnophylli
1136 1128 1178 1163 et
1211 1121 1443 1163 Calloseris
1476 1121 1674 1176 proferre

109 1200 375 1252 opporteret,
422 1196 626 1238 lubenter
664 1194 998 1251 agnoscendum
1034 1197 1239 1249 putarem
1273 1193 1380 1234 mihi
1416 1191 1675 1247 adparuisse

108 1269 203 1310 haec
252 1268 427 1310 Genera
475 1268 622 1323 potius
671 1266 862 1321 analoga
908 1266 955 1307 in
993 1265 1190 1307 seriebus
1224 1264 1422 1312 diversis,
1459 1278 1592 1318 quam
1629 1263 1675 1303 in

111 1339 266 1382 eadem
300 1340 411 1381 serie
445 1339 613 1380 affinia.
666 1337 832 1388 Quales
865 1351 986 1379 soros
1018 1337 1065 1377 in
1098 1336 1285 1379 diversis
1308 1335 1592 1377 Delesserieis
1615 1339 1675 1389 ty-

114 1409 211 1465 pice
245 1409 443 1474 diversos
471 1409 707 1451 observare
730 1407 910 1458 credidi,
935 1407 1044 1449 tales
1067 1408 1113 1448 in
1137 1406 1347 1448 Calloseri
1372 1406 1510 1448 multo
1534 1405 1676 1460 magis

111 1480 310 1523 evolutos
355 1480 547 1522 dicerem
583 1494 717 1534 quam
753 1479 798 1520 in
832 1477 1218 1534 Arachnophyllo;
1270 1492 1351 1519 sua
1383 1478 1598 1518 nimirum
1630 1477 1677 1517 in

110 1552 318 1594 Calloseri
363 1551 616 1594 evolutione
658 1551 704 1592 in
739 1555 974 1604 utramque
1008 1550 1219 1605 paginam
1253 1548 1520 1604 pronnnula,
1555 1562 1677 1589 soros

110 1624 313 1678 geminos
348 1623 576 1679 oppositos
609 1622 972 1677 Nitophyllorum
1006 1621 1249 1663 reserentes
1273 1621 1452 1670 diceres,
1477 1625 1522 1662 at
1545 1625 1678 1662 struc-

110 1699 209 1736 tura
243 1695 298 1736 ab
331 1695 401 1736 his
435 1694 656 1743 diversos3
691 1692 936 1735 eorundem
970 1693 1222 1734 evolutione
1254 1692 1301 1733 in
1336 1692 1518 1734 ramulis
1540 1696 1677 1733 trans-

110 1766 316 1808 formatis
364 1766 515 1808 forsan
566 1765 793 1820 quandam
844 1778 945 1806 cum
994 1763 1201 1805 Pteridiis
1243 1763 1391 1805 saltim
1424 1763 1676 1818 analogiam

111 1842 426 1879 monstrantes.
482 1837 533 1878 In
567 1835 932 1892 Arachnophyllo
966 1839 1118 1877 contra
1151 1839 1422 1877 structuram
1450 1835 1550 1885 sori,
1575 1848 1679 1888 qua-

111 1909 197 1951 lem
246 1909 363 1951 hanc
402 1923 428 1950 a
473 1908 587 1950 facie
630 1907 829 1964 paginali
863 1906 1144 1949 observatam
1178 1906 1327 1948 videre
1360 1905 1539 1954 credidi,
1575 1919 1677 1961 pau-

114 1981 314 2023 cissimas
363 1980 583 2035 quasdam
632 1980 963 2035 sphaerosporas
1006 1979 1248 2029 foventem,
1299 1991 1491 2032 quarum
1541 1991 1677 2018 unam

113 2063 190 2094 aut
235 2051 420 2094 alteram
461 2051 542 2093 rite
576 2051 801 2094 evolutam
835 2055 878 2092 et
910 2050 956 2091 in
992 2064 1119 2092 suam
1154 2050 1365 2105 paginam
1399 2049 1549 2089 forsan
1586 2063 1678 2103 pro-

113 2124 331 2165 minulam
382 2123 526 2166 dicere
575 2124 736 2173 liceret,
786 2122 954 2164 cellulis
1000 2122 1114 2163 inter
1146 2121 1476 2176 sphaerospcffas
1511 2118 1679 2173 conspi-

114 2194 282 2236 ciendis
332 2195 405 2237 vix
453 2194 543 2236 ullo
593 2194 725 2236 modo
776 2193 1096 2236 transmutatis.
1166 2192 1324 2234 Utrum
1361 2191 1679 2245 spluerosporw

114 2270 462 2308 maturescentes
511 2265 607 2307 aliae
655 2265 700 2306 in
747 2279 899 2314 unam,
938 2264 1035 2305 aliae
1068 2264 1113 2304 in
1148 2262 1332 2304 alteram
1366 2262 1575 2316 paginam
1612 2261 1679 2301 dc-

115 2351 241 2378 mum
274 2338 431 2378 fierent
464 2337 614 2391 ejectae
648 2336 795 2391 (modo
832 2334 1234 2390 Hypoglossorum)
1268 2348 1325 2374 an
1354 2347 1522 2381 01111165,
1547 2332 1680 2373 1110(10

116 2407 283 2449 diceres
331 2407 425 2449 Del.
461 2408 665 2456 sinuosae,
716 2407 760 2447 in
809 2406 997 2447 eandem
1048 2405 1258 2459 paginam
1305 2403 1486 2444 (1611111111
1522 2403 1679 2457 promi-

117 2478 236 2520 nulae
270 2478 439 2528 fierent,
476 2477 517 2519 id
552 2492 632 2533 pro
666 2482 782 2519 certo
816 2481 1008 2518 statuere
1041 2475 1303 2528 neutiquam
1339 2474 1563 2515 auderem.
1623 2474 1682 2515 At

117 2550 270 2605 quales
314 2563 435 2591 50105
480 2547 832 2603 Arachnophylli
868 2561 892 2588 a
926 2547 1039 2588 facie
1072 2546 1329 2587 observatos
1362 2544 1466 2594 vidi,
1501 2545 1680 2586 eosdem

117 2620 342 2663 crederem
392 2621 635 2670 interiores,
686 2617 1005 2674 5111116105110115
1049 2617 1166 2658 intra
1198 2621 1435 2670 utramque
1469 2616 1679 2671 paginam

117 2692 350 2747 generatis,
400 2692 483 2733 hoc
531 2690 664 2732 modo
712 2704 813 2732 cum
865 2690 915 2731 iis
964 2688 1232 2744 Hypoglossi
1283 2702 1362 2729 5110
1403 2687 1682 2729 formationis

120 2762 253 2805 modo
286 2767 593 2817 congruentes.
