1875 3116
62 108 113 150 N
110 107 365 161 c'tophyllum.
662 101 846 169 Nyrorn
855 116 939 141 YLI,
947 115 1026 142 ΕΑΒ.
1572 95 1625 135 73

63 224 308 266 Dawsonife
353 223 432 264 rite
479 222 742 277 perductum
779 224 1089 267 monstrantes,
1126 231 1290 272 paucas
1324 215 1431 257 alias
1465 213 1622 255 iisdem

60 296 284 352 proximas
332 293 529 349 judicavi
562 319 618 322 —
651 292 697 333 111
746 291 909 346 quibus
958 290 1044 331 sori
1094 289 1254 330 minuti
1294 301 1372 343 per
1406 286 1621 341 inaj0rein

59 372 228 422 partein
265 364 437 407 frondis
473 364 629 406 inediae
663 363 788 418 quasi
824 362 963 417 sparsi
999 361 1260 407 obveniant:
1295 363 1493 400 attamen
1519 370 1624 411 quo-

58 453 145 493 que
193 438 237 478 in
286 437 354 478 his
404 451 524 477 soros
572 435 768 476 minutos
802 439 844 475 et
877 434 1019 485 inagis
1052 446 1228 487 sparsos
1262 431 1307 471 in
1341 429 1480 470 lineas
1514 426 1623 468 radi-

57 514 182 551 antes
235 500 479 563 dispositos
525 507 737 548 obvenire
792 505 1042 547 aoeuratius
1091 502 1346 545 observanti
1395 500 1621 554 adpareat.

56 579 291 635 Ejusmodi
345 583 508 620 [ornias
553 579 629 631 (N.
666 578 926 629 lacim'amm,
964 577 1016 617 N.
1054 576 1340 628 Freyeamtm)
1374 569 1623 612 Dawsoniis

56 651 283 706 proximas
322 665 416 692 osse
454 655 499 692 at
532 650 658 704 quasi
692 650 737 689 in
773 647 982 689 inferiore
1017 645 1285 688 evolutionis
1318 642 1460 697 ¹gradu
1495 641 1621 683 obve-

56 724 238 771 nientes,
275 721 596 763 assumendum
631 719 810 762 credidi.

197 794 484 835 (¹haracteres
531 793 668 847 igitur
715 790 964 832 Dawsonia}
1013 790 1059 829 in
1107 788 1175 829 his
1218 785 1562 831 characteribus,
1598 799 1623 825 a

54 866 140 907 situ
175 870 215 906 et
251 865 541 919 dispositione
574 863 657 905 sibi
693 862 884 917 propria,
920 875 1055 916 quan]
1091 860 1176 901 sori
1210 859 1255 899 in
1286 857 1371 898 illis
1395 870 1622 898 assumere

53 936 256 983 tendunt,
293 935 509 990 (111101-01111
543 934 666 981 1111111,
702 932 878 975 facilius
906 946 1085 986 quoque
1108 928 1460 985 exspectandum
1486 927 1621 968 fuisse

54 1012 255 1062 putarem
301 1007 468 1061 species
514 1005 715 1061 ejusdenl
756 1005 841 1045 alio
875 1007 1078 1058 respectu
1111 1002 1301 1043 invicem
1338 1014 1428 1041 non
1462 1013 1621 1053 parum

54 1079 234 1120 differre
267 1104 323 1108 ἡ
355 1079 408 1119 iis
457 1077 670 1118 niiniruni
721 1075 1024 1117 habitualibus
1073 1071 1416 1117 characteribus,
1458 1069 1622 1125 quibus

54 1149 320 1191 ducentibus
361 1149 538 1204 Species
585 1147 946 1202 Nitophylloruni
988 1146 1223 1200 disponere
1257 1144 1491 1197 hucusque
1524 1156 1621 1196 con-

53 1221 293 1264 suevimus.
363 1221 480 1261 Duin
529 1219 741 1260 nimirum
794 1218 890 1259 aliae
933 1217 1135 1272 ejusdem
1171 1215 1348 1271 Species
1383 1240 1437 1243 —
1472 1212 1620 1268 quoad

51 1294 245 1334 formam
280 1297 323 1334 et
356 1291 657 1334 evolutionem
692 1289 864 1331 frondis
896 1290 943 1330 in
968 1289 1178 1330 inferiore
1201 1287 1330 1342 quasi
1354 1284 1621 1328 evolutionis

53 1363 194 1419 gradu
242 1362 532 1405 obvenientes
574 1388 629 1391 —
679 1362 822 1416 magis
870 1360 1133 1403 abludentes
1182 1358 1462 1405 viderentur;
1513 1356 1621 1397 alias

53 1435 207 1477 adesse
255 1449 445 1489 quarum
496 1433 675 1475 frondes
724 1432 1027 1474 habitualibus
1076 1431 1192 1472 notis
1234 1429 1426 1471 eundem
1461 1433 1621 1482 tvpuin

53 1506 237 1551 frondis,
288 1520 422 1560 quem
474 1506 589 1560 Bory
639 1519 718 1546 suo
767 1504 929 1546 Generi
979 1502 1386 1544 cllaracteristicuin
1431 1499 1619 1551 putavit,

50 1580 215 1620 referre
265 1577 542 1626 viderentur3
594 1577 788 1631 denique
836 1590 1016 1631 quoque
1064 1574 1172 1616 alias
1211 1573 1402 1614 inveniri
1437 1571 1618 1626 51100105,

51 1650 97 1691 111
130 1650 294 1704 quibus
328 1649 577 1690 habituales
611 1649 888 1690 characteres
921 1646 1225 1702 adproxiinari
1253 1644 1512 1687 viderentur
1535 1642 1620 1683 illis

51 1721 189 1776 Typis
232 1721 357 1775 quasi
399 1720 716 1775 superioribus,
753 1719 917 1774 quibus
951 1724 1047 1760 tuin
1082 1718 1374 1772 Hymenenae,
1411 1720 1507 1756 tuni
1542 1714 1618 1755 Bo-

50 1791 298 1847 tryoglossa
339 1791 598 1846 dignoscere
637 1790 908 1845 jamdudum
948 1794 1176 1833 nutarunt.
1243 1787 1511 1829 Restituenti
1544 1785 1619 1839 igi-

50 1868 123 1904 tur
155 1863 263 1904 mihi
298 1863 430 1905 hodie
463 1862 596 1904 modo
631 1863 748 1904 dicto
797 1862 1042 1903 Dawsoniae
1077 1860 1342 1901 Sub-Genus
1376 1857 1618 1913 quoddam,

50 1938 146 1975 tuin
195 1934 526 1976 characteribus
560 1948 584 1975 a
619 1937 841 1975 structura
884 1931 1057 1973 frondis
1090 1931 1253 1986 11011115,
1288 1935 1385 1971 tuin
1418 1944 1444 1970 a
1477 1928 1619 1983 dispo-

50 2004 208 2046 sitione
256 2005 339 2046 sibi
388 2005 581 2060 propria,
632 2018 770 2059 quam
819 2004 903 2045 sori
955 2016 1182 2044 assumere
1226 2000 1429 2049 tendunt,
1466 2014 1620 2042 revera

50 2076 401 2131 exspectandum
449 2077 557 2118 mihi
607 2075 827 2130 adparuit,
879 2075 964 2117 alio
1016 2078 1215 2130 respectu
1265 2073 1458 2126 majores
1497 2070 1619 2112 diffe-

51 2146 216 2188 rentias
264 2146 476 2188 obvenire
524 2147 640 2188 inter
685 2146 861 2201 Species
895 2145 998 2187 huic
1033 2144 1307 2186 Sub-Generi
1340 2142 1617 2189 referendas

51 2223 93 2259 et
137 2218 196 2259 ita
243 2217 352 2258 mihi
388 2231 504 2259 novo
537 2223 803 2272 argumento
838 2217 1088 2272 probantes,
1125 2230 1214 2257 non
1249 2229 1343 2257 esse
1377 2228 1618 2267 congruen-

51 2290 133 2330 tias
181 2288 445 2335 habituales,
497 2288 573 2330 sed
622 2289 899 2330 characteres
948 2303 973 2329 a
1014 2293 1105 2329 tota
1138 2292 1360 2329 structura
1393 2285 1617 2328 011111011-

52 2359 269 2400 ficationis
311 2358 460 2400 indole
494 2359 665 2413 petitos,
702 2359 866 2413 quibus
900 2361 944 2399 in
983 2358 1196 2399 Florideis
1231 2356 1523 2412 disponendis
1557 2357 1617 2397 in-

51 2431 204 2472 sistere
237 2435 503 2484 opporteret.

195 2500 295 2548 Quo
329 2499 580 2542 evidentius
615 2515 718 2542 vero
752 2500 1083 2542 characteribus
1107 2515 1127 2541 a
1155 2504 1377 2542 structura
1401 2499 1617 2554 penitiore

50 2571 225 2613 frondis
273 2575 315 2612 et
363 2570 654 2625 dispositione
702 2572 896 2626 partium
944 2570 1294 2612 fructificationis
1328 2571 1477 2624 petitis
1511 2571 1617 2612 Sub-

53 2642 206 2684 Genus
256 2642 502 2683 Dawsonia.¹
552 2641 798 2683 indicatum
843 2647 1066 2696 putanms,
1101 2656 1151 2683 co
1186 2641 1366 2696 maioris
1403 2643 1614 2683 momenti

53 2712 314 2754 differentiis
363 2727 415 2753 ex
466 2713 611 2753 fornia
654 2719 695 2753 et
739 2712 1043 2754 subdivisione
1077 2711 1247 2753 frondis
1281 2712 1467 2767 aliisque
1502 2714 1618 2756 notis

53 2781 354 2824 habitualibus
390 2809 443 2813 ——
477 2784 509 2825 si
561 2783 742 2838 quiden]
793 2784 1013 2837 ejusmodi
1064 2783 1212 2825 adsint
1261 2784 1402 2839 magis
1441 2784 1615 2826 eviden-

52 2856 119 2894 tes
153 2878 220 2903 —,
254 2853 598 2895 adscribenchini
634 2867 726 2895 esse
760 2859 893 2909 patet,
929 2869 1066 2909 quum
1103 2854 1156 2895 de
1191 2854 1480 2910 dispositione
1515 2856 1613 2912 Spe*
