1875 3116
208 97 290 138 112
790 93 830 135 N
834 107 1182 135 EUROGLOSSEAE.
1501 93 1767 136 Rhodoseris.

200 191 444 256 rac-‘teribus
493 218 536 255 et
582 212 736 255 eodem
786 216 967 267 putares
1016 211 1070 253 de
1118 211 1337 253 affinitate
1378 211 1545 266 judicio
1583 211 1765 254 allatum

200 286 349 332 fuisse,
385 284 518 326 hodie
551 297 731 338 quoque
764 283 1024 325 meminisse
1057 287 1273 338 opportet.
1329 283 1489 325 Postea
1520 298 1591 325 1116
1618 284 1766 339 ipsum

200 356 253 397 (le
286 359 444 397 mutua
477 355 695 396 affinitate
728 354 889 395 harum
922 354 1176 409 plantarum
1213 354 1439 396 dubitasse
1483 354 1632 405 (Amal.
1668 356 1765 408 Azy.

191 442 235 480 p.
272 430 402 479 165);
450 430 647 468 attamen
697 425 876 467 easdem
915 440 938 467 a
973 425 1289 467 Rhodomeleis
1337 425 1638 467 excludendas
1686 430 1767 467 sta-

198 503 319 539 tuere
367 511 503 539 ausus
552 511 670 548 sum;
721 511 910 539 monens
959 496 1013 538 de
1062 511 1167 539 vera
1212 511 1365 539 earum
1399 496 1618 538 affinitate
1651 511 1766 552 {egre

196 569 358 610 certius
409 573 603 610 statuere
650 568 794 610 licere.
861 568 1073 623 Harveyo
1114 583 1294 624 quoque
1332 567 1579 610 suboluisse
1614 567 1766 610 Genus

195 640 512 682 Rhodomeleis
560 640 637 682 vix
670 640 905 694 pertinere,
946 645 1086 695 patet;
1121 645 1273 695 utpote
1307 639 1360 681 (16
1394 639 1549 695 Specie
1582 639 1762 681 australi

194 711 307 753 (lixit
338 711 455 753 hanc
489 713 641 753 forsan
676 711 828 753 sistere
862 711 1053 766 speciem
1097 711 1462 753 Thamnocloniis
1495 711 1760 766 proximam.

193 782 243 823 In
279 782 585 824 recentissima
618 781 653 823 F
655 782 923 824 loridearum
959 782 1249 838 dispositione
1283 783 1436 825 Genus
1467 783 1584 824 inter
1616 782 1761 824 Deles-

192 853 354 895 serieas
405 859 718 896 enumeratum
769 853 872 905 vidi,
923 868 1012 909 quo
1061 854 1155 896 loco
1199 854 1293 909 ipse
1342 855 1385 895 111
1431 854 1619 910 Epicrisi
1652 853 1759 895 illud

191 924 523 980 disponendum
558 940 736 981 quoque
767 925 1088 981 judicaveram.

335 997 483 1039 Dubia
531 997 584 1039 de
632 997 715 1039 hoc
764 997 937 1039 Genere
985 998 1144 1052 partim
1196 1012 1250 1038 ex
1298 1012 1348 1039 eo
1396 997 1602 1053 pendere,
1638 998 1757 1053 quod

189 1069 469 1123 cystocarpia
512 1073 686 1110 tantum
732 1068 777 1110 in
821 1083 913 1110 una
946 1069 1103 1123 specie,
1140 1069 1471 1125 splizerosporas
1504 1074 1677 1111 tantum
1712 1070 1758 1111 in

188 1139 326 1180 altera
375 1139 632 1182 observatas
680 1140 828 1188 fuisse,
880 1139 1024 1181 dicere
1072 1141 1140 1181 fas
1189 1145 1265 1182 est.
1332 1141 1514 1183 Accedit
1558 1141 1677 1196 quod
1711 1142 1756 1183 in

190 1209 345 1265 Specie
379 1210 583 1266 Capensi,
620 1211 750 1266 cujus
783 1211 958 1252 iconem
992 1211 1113 1253 dedit
1151 1211 1347 1267 Harvey,
1381 1212 1529 1267 ipsum
1566 1213 1756 1254 Gemmi-

191 1281 366 1323 diorum
403 1282 672 1324 fasciculum
705 1282 862 1337 pinxit,
894 1283 1073 1337 qualem
1097 1283 1245 1338 potius
1267 1283 1313 1324 in
1337 1283 1600 1326 Chondrieis
1622 1289 1756 1339 atque

187 1352 505 1395 Rhodomeleis
539 1353 852 1395 obvenientem
888 1358 1191 1409 exspectarem
1227 1368 1363 1408 quam
1386 1354 1433 1396 in
1458 1354 1752 1398 Delesserieis.

186 1423 295 1464 Mihi
330 1439 435 1466 vero
473 1429 743 1466 structuram
777 1424 923 1466 nuclei
964 1424 1097 1467 hodie
1130 1426 1404 1467 examinanti
1438 1426 1647 1482 adparuit
1681 1441 1754 1468 nu-

183 1494 327 1536 cleum
362 1510 517 1538 revera
549 1496 751 1551 proxime
785 1509 1029 1551 congruere
1061 1510 1162 1538 cum
1198 1496 1513 1553 Nitopliylleis:
1549 1512 1575 1539 a
1606 1498 1751 1540 medio

184 1566 399 1608 nimirum
448 1567 604 1617 fundo,
646 1567 773 1622 quasi
805 1567 1034 1622 paulisper
1066 1573 1279 1610 excavato
1313 1568 1547 1624 pericarpii
1581 1570 1752 1625 placen-

182 1644 274 1678 tam
323 1637 415 1680 vidi
464 1638 675 1689 basalem,
724 1652 900 1680 sursum
941 1638 1015 1680 fila
1047 1639 1377 1693 gemmidiifera
1410 1640 1750 1684 dichotomo-de-

182 1710 429 1764 composita
477 1709 724 1760 articulata,
773 1710 818 1751 in
867 1710 1053 1752 articulo
1096 1711 1319 1753 terminali
1360 1711 1601 1767 pyriforme
1633 1727 1748 1768 gem-

181 1779 368 1822 midium
426 1782 698 1836 generantia.
771 1780 914 1823 Series
966 1782 1147 1823 intimas
1200 1782 1458 1824 cellularum
1514 1784 1746 1839 pericarpii

179 1851 269 1892 fere
314 1852 360 1893 in
395 1852 468 1894 fila
500 1852 717 1894 arcuatim
751 1852 1007 1903 ambientia,
1043 1858 1087 1894 at
1119 1854 1247 1908 quasi
1281 1854 1614 1902 moniliformia,
1649 1856 1747 1897 arti—

178 1921 288 1964 culis
326 1922 529 1978 oblongis
563 1924 653 1965 suis
687 1923 889 1978 apicibus
922 1924 1114 1965 invicem
1146 1925 1326 1979 junctis,
1367 1930 1408 1967 et
1440 1925 1484 1967 in
1520 1927 1746 1981 superiore

180 1993 411 2049 pericarpii
462 1999 599 2050 parte,
651 1994 778 2049 quasi
827 2008 853 2035 a
900 1995 1069 2036 cellulis
1117 1995 1258 2051 ipsius
1300 1997 1533 2052 pericarpii
1570 1997 1742 2048 solutis;

177 2063 345 2106 cellulis
394 2065 589 2107 mediam
640 2070 807 2120 partem
861 2066 1094 2121 pericarpii
1143 2057 1516 2116 constituentibus
1559 2068 1742 2111 subcon-

176 2136 394 2178 formibus
427 2142 473 2178 at
506 2137 701 2178 invicem
735 2137 1073 2187 cohaerentibus,
1109 2138 1287 2180 extimis
1317 2138 1526 2181 brevibus
1550 2144 1591 2180 et
1614 2141 1740 2194 quasi

179 2206 326 2248 minus
360 2207 591 2250 evidenter
623 2207 851 2249 ordinatis.
918 2208 1020 2263 Ipsa
1053 2209 1257 2264 placenta
1290 2210 1404 2252 sistit
1435 2210 1634 2251 fasciculi
1662 2211 1740 2253 fer-

175 2276 262 2319 tilis
301 2282 481 2320 truncos
529 2278 771 2320 nonnullos
819 2279 946 2334 quasi
996 2280 1224 2331 firmiores,
1265 2285 1307 2323 et
1338 2281 1383 2322 in
1418 2295 1496 2323 sua
1530 2281 1740 2324 inferiore

175 2355 299 2403 parte
333 2350 569 2391 crassiores
602 2350 810 2392 articulos
843 2355 1068 2405 gerentes3
1103 2352 1183 2393 1106
1216 2360 1365 2393 autem
1400 2366 1575 2394 sursum
1611 2354 1737 2407 quasi

174 2420 353 2467 solutos,
404 2420 687 2463 dichotomiis
736 2422 933 2477 repetitis
980 2422 1026 2463 in
1072 2423 1145 2464 fila
1176 2424 1269 2465 fere
1302 2423 1736 2474 clavato-articulata,

174 2505 366 2545 quorum
402 2492 575 2534 articuli
610 2493 878 2543 terminales,
913 2495 1199 2536 circumcirca
1232 2495 1276 2535 in
1306 2494 1463 2536 nucleo
1486 2500 1737 2536 monstrant

173 2576 328 2603 zonam
381 2563 508 2617 quasi
558 2563 783 2618 propriam
832 2564 1177 2619 gemmidiorum
1226 2565 1541 2620 pyrisormium
1580 2566 1638 2621 (111
1674 2567 1734 2606 111-

170 2633 330 2674 l'criorc
380 2640 504 2688 parte
552 2634 725 2675 filorum
771 2649 994 2689 nusquam
1028 2636 1273 2691 gemmidia
1304 2637 1348 2677 in
1384 2636 1638 2677 lateralibus
1670 2651 1733 2678 ra-

174 2703 316 2744 mcllis
348 2710 560 2758 generata
582 2731 637 2734 ——
661 2706 813 2760 qualia.
844 2707 888 2747 111
924 2707 1008 2748 filis
1042 2706 1428 2755 Delcsseriearum,
1464 2708 1566 2748 hinc
1588 2708 1732 2761 magis

166 2773 433 2827 thyrsoidca,
468 2776 774 2819 observantur.
