1875 3116
89 120 330 164 Halz'em'de.
710 115 1026 156 Dssmcssmffl.
1563 108 1642 149 201

87 241 364 296 adparent-er,
415 237 605 293 simplex
652 240 694 277 et
735 233 870 276 ramis
905 231 1182 277 destitutum,
1217 234 1262 270 at
1296 227 1496 283 margine
1529 240 1646 281 saepe

87 311 365 368 amplissimo
413 315 455 352 et
497 307 714 351 undulato
746 306 1030 347 instructum.
1096 300 1359 343 Accnratius
1392 297 1647 354 inspicienti

88 383 196 425 mihi
242 381 462 437 ejusmodi
503 379 749 435 specimina
792 376 934 431 magis
966 374 1145 416 evoluta
1177 377 1220 414 et
1251 370 1529 426 comparanti
1563 371 1647 411 stor-

88 469 196 502 mas,
247 468 359 509 quas
408 453 451 494 in
501 449 730 492 nonnullis
779 448 1089 490 Schizoneurae
1128 442 1369 500 Speciebus
1402 441 1649 490 observavi,

88 527 131 567 in
167 525 331 581 quibus
366 538 481 565 nova
517 521 664 563 foliola
689 519 888 575 generari
917 517 1070 573 putavi
1097 513 1505 571 prolificationibus,
1532 527 1650 554 nunc

87 612 140 639 ex
175 596 390 638 undulato
426 594 626 648 margine
659 590 885 647 separatis,
923 603 1042 630 nunc
1067 585 1463 643 prolificationibus
1486 599 1512 626 a
1536 583 1651 639 plica

88 668 284 723 quadam
333 665 506 707 frondis
555 662 898 717 emergentibus,
942 675 1029 702 non
1074 659 1197 715 potui
1230 658 1340 713 quin
1374 655 1652 699 animadver-

87 744 240 789 terem,
292 752 361 779 me
408 736 573 779 vidisse
624 734 729 776 folia
777 732 998 788 quaedam,
1048 730 1179 772 simili
1231 728 1363 771 modo
1412 728 1457 769 in
1490 727 1651 769 fronde

88 811 251 866 saepius
299 806 602 864 simplicifolia
650 803 909 846 Grinnelliae
957 807 1179 858 generata.
1246 801 1311 842 Sit
1349 805 1397 842 ut
1430 798 1652 855 ejusmodi

87 881 315 937 generatio
363 879 575 921 soliorum
624 875 808 918 omnino
856 875 1039 916 fortuita
1086 872 1287 921 obvenit;
1323 876 1520 913 attamen
1554 884 1652 913 ean-

89 953 203 1001 dem,
252 953 299 993 in
347 950 445 992 aliis
486 948 726 997 insolitam,
763 947 846 988 hoc
880 946 974 987 loco
1007 946 1157 987 forsan
1191 943 1388 985 indicare
1422 942 1653 985 affinitatis

88 1023 315 1081 quoddam
349 1022 580 1070 indicium,
615 1018 734 1075 quod
770 1017 1105 1074 praetermittere
1141 1015 1371 1056 noluerim.

231 1093 490 1136 Grinnelliae
538 1091 724 1134 Generis
772 1089 952 1132 unicam
1002 1087 1204 1144 Speciem
1254 1087 1355 1129 novi
1406 1085 1528 1127 illam
1577 1084 1654 1128 <liu

88 1167 315 1223 cognitam
327 1181 334 1207 :

123 1278 157 1317 1.
228 1274 312 1317 GR.
348 1286 626 1315 AMERICANA
660 1270 730 1325 (0.
765 1269 867 1326 Ay.)
903 1269 1038 1312 Ham,
1073 1271 1112 1311 et
1143 1267 1263 1310 Amet.

197 1440 384 1492 GENUS
425 1439 487 1490 X.
568 1439 875 1490 HALICNIDE
920 1445 1022 1488 Gen.
1058 1460 1147 1486 nov.
1183 1443 1547 1486 Delesseriearam.

91 1560 279 1602 Frondis
327 1559 846 1615 decomposito-pinnatae
894 1557 1013 1599 foliis
1061 1572 1087 1599 a
1137 1557 1336 1612 margine
1382 1555 1654 1598 denticulato

231 1631 602 1680 excrescentibus,
649 1630 828 1672 eost-atis
877 1634 919 1671 et
966 1628 1168 1684 opposite
1217 1628 1456 1675 eostulatis,
1503 1640 1654 1682 paren—

232 1703 440 1758 ehymate
473 1703 588 1744 inter
613 1702 813 1749 ,costulas
847 1700 1238 1753 homaeocystideffi
1279 1699 1448 1741 cellulis
1481 1698 1655 1739 interio-

233 1774 354 1816 ribus
387 1778 524 1815 strato
557 1773 716 1814 intimo
751 1773 1043 1828 superpositis
1077 1777 1325 1813 extrorsum
1362 1769 1654 1819 radiantibus,

232 1845 367 1887 radiis
416 1860 551 1900 supra
597 1851 739 1886 costas
778 1844 1060 1898 costulascpie
1094 1843 1139 1884 111
1173 1842 1366 1884 aciculas
1399 1841 1655 1883 articulatas

232 1917 474 1958 admodum
511 1917 775 1971 conspicuas
803 1915 1088 1971 prtssongatis.
1144 1914 1433 1969 Cystocarpiv's
1455 1927 1481 1954 a
1503 1926 1656 1968 paren-

232 1989 439 2043 chymate
487 1987 839 2043 emergentibus;
889 1987 1125 2042 pericarpii
1173 1985 1343 2028 cellulis
1376 1984 1656 2026 radiantibus

231 2060 278 2101 in
326 2059 517 2101 aciculas
566 2058 924 2108 exou1·rentibus;
976 2059 1133 2100 nucleo
1182 2057 1266 2099 filis
1314 2055 1594 2109 tlivrsoideis.
1630 2069 1656 2095 a

234 2130 450 2186 placentae
498 2130 634 2172 ramis
676 2129 1020 2185 egredientibus,
1056 2128 1301 2185 gemmidia
1333 2127 1523 2169 obovata
1556 2126 1656 2166 late-

233 2201 342 2243 ralia
379 2206 422 2244 et
466 2201 719 2243 terminalia
750 2201 1030 2256 gerentibus;
1083 2199 1396 2253 Sphcerospom
1429 2197 1473 2238 in
1508 2210 1656 2250 carpo-

233 2273 396 2328 phyllis
429 2272 853 2328 subpyriformibus,
879 2272 1133 2314 evolutione
1166 2269 1494 2312 denticulorum
1529 2281 1655 2320 gene-

234 2344 352 2391 ratis,
403 2345 496 2385 fere
538 2344 826 2385 circumcirca
859 2357 1010 2384 sorum
1044 2341 1395 2384 subcontinuum
1430 2338 1655 2380 110111111ὴο-

235 2415 419 2462 ciosum,
463 2414 577 2455 inter
611 2415 681 2455 fila
715 2414 1035 2456 transformata
1068 2413 1400 2467 sphaerosporas
1435 2408 1655 2464 triangnle

235 2485 400 2527 divisas
433 2485 673 2535 foventem,
706 2484 1037 2539 generantibus.

238 2593 296 2636 Ut
338 2592 421 2634 rite
462 2591 676 2647 adpareat
715 2596 936 2633 structura
975 2591 1159 2646 Speciei,
1195 2591 1265 2632 eui
1301 2603 1466 2631 novum
1503 2589 1657 2630 Genus

94 2664 226 2706 hodie
258 2663 587 2706 instituendum
612 2663 780 2718 putavi,
806 2662 994 2704 eandem
1018 2662 1260 2716 segmentis
1283 2659 1656 2702 transversalibns

96 2750 174 2791 per
221 2733 429 2777 frondem
477 2733 661 2776 feliciter
709 2733 853 2775 ductis
900 2732 1228 2775 observandam
1277 2733 1482 2774 dicerem.
1558 2731 1656 2772 Hoc

97 2805 230 2848 modo
278 2805 623 2848 evidentissimae
671 2804 917 2859 adpareant
963 2803 1143 2846 aeiculae
1181 2804 1365 2845 omnino
1398 2802 1656 2858 peculiares,

96 2877 408 2940 quibuschanc
442 2876 642 2933 Speciem
678 2877 792 2918 inter
824 2890 979 2918 omnes
1004 2875 1112 2917 mihi
1136 2876 1337 2933 cognitas
1364 2875 1656 2924 Delesserieas
