1875 3116
98 105 350 148 Pteridium.
748 96 1002 145 PTERIDIAE.
1574 96 1659 142 223

98 224 143 265 in
190 223 469 276 Neuroylosso
515 222 689 263 eximiis
731 221 934 263 iconibus
968 222 1205 263 illustravit
1237 221 1437 275 Kutzing
1468 221 1657 275 (Phycol.

104 295 253 337 Gener.
289 296 369 337 tab.
406 298 495 349 (55),
537 294 622 335 tale
661 293 770 334 illud
808 293 854 334 in
886 292 1093 334 Pteridiis
1127 307 1305 348 quoque
1339 292 1567 335 evolutum
1602 292 1659 333 di-

99 380 257 414 cerem,
307 366 455 420 quoad
504 380 607 407 suos
655 365 929 406 characteres
978 365 1266 419 principales:
1321 369 1516 406 attamen
1566 368 1659 406 tum

100 437 327 479 diversum
373 436 519 492 quoad
559 436 826 478 evolutionis
858 435 1061 490 gradum,
1098 441 1192 477 tum
1227 450 1406 491 quoque
1441 440 1661 477 mutatum

101 508 156 549 ob
206 509 397 549 formam
447 513 490 550 et
537 507 871 562 dispositionem
919 506 1192 556 cellularum,
1234 522 1345 561 quas
1378 507 1664 548 circumcirca

104 581 303 634 jungunt
345 584 387 621 et
418 579 463 620 in
499 593 639 619 unum
674 579 905 619 continent
936 577 1104 619 cellulae
1138 579 1303 620 sensim
1336 579 1536 620 formata)
1570 578 1663 620 reti-

104 651 190 692 culi
232 650 581 692 intercellularis.
646 649 697 690 In
740 650 833 691 Del.
869 651 986 691 alala
1029 649 1111 690 1100
1145 650 1376 691 reticulum
1413 650 1472 692 ita
1506 664 1665 705 parum

103 721 333 764 evolutum
368 726 560 776 putares,
595 726 644 761 ut
676 734 700 761 a
735 720 990 773 Kiitzingio,
1028 725 1293 762 structuram
1329 722 1373 762 111
1398 721 1550 762 tabula
1573 735 1664 775 pro-

104 793 201 848 pria
247 792 500 841 illustranti,
551 791 720 832 nullam
769 791 906 845 hujus
946 792 1068 832 strati
1104 792 1375 833 mentionem
1411 794 1572 833 factam
1610 791 1666 833 vi—

105 863 232 913 deas;
283 864 366 906 hoc
414 878 518 906 vero
567 868 755 905 stratum
789 888 844 892 ——
879 877 957 917 pro
1007 867 1134 904 aetate
1177 868 1217 904 et
1250 863 1294 904 in
1330 863 1424 905 loco
1459 863 1667 904 inferiore

106 935 278 977 frondis
311 935 454 991 magis
488 935 653 977 sensim
687 934 916 976 evolutum
941 960 995 963 —
1019 935 1228 975 omnibus
1262 935 1668 976 characteristicum

106 1011 324 1063 putarem.
390 1007 441 1048 Ι11
480 1007 574 1048 Del.
602 1007 894 1060 pleurospora,
935 1019 1070 1060 quam
1113 1006 1195 1047 1100
1229 1011 1431 1061 respectu
1467 1007 1667 1062 Speciem

105 1086 208 1121 ante
258 1078 367 1120 alias
416 1077 819 1120 characteristicum
867 1077 1036 1132 putavi,
1077 1077 1270 1118 sectione
1303 1078 1423 1119 facta
1455 1083 1669 1120 transver-

106 1150 185 1192 sali
220 1150 381 1206 stipitis
412 1149 637 1191 inferioris
661 1148 942 1204 cylindracei,
968 1153 1234 1189 structuram
1259 1138 1512 1190 evolutione
1534 1149 1671 1204 hujus

109 1222 233 1263 strati
281 1222 342 1263 ita
389 1226 610 1262 mutatam
651 1220 897 1269 observavi,
934 1224 982 1261 ut
1014 1220 1057 1261 in
1093 1234 1144 1261 ea
1178 1220 1379 1275 Speciem
1413 1221 1671 1262 Delesserie-

112 1307 238 1334 arum
287 1306 599 1348 recognoscere
632 1291 808 1333 facilius
842 1291 942 1346 quis
975 1291 1256 1334 dubitaverit.
1320 1292 1562 1333 Primarias
1594 1291 1671 1333 cel-

109 1364 234 1415 lulas,
269 1390 326 1394 —
358 1365 404 1405 in
453 1363 577 1405 caule
619 1377 744 1405 secus
789 1362 1112 1418 longitudinem
1153 1363 1323 1404 frondis
1357 1364 1584 1418 elongatas
1617 1388 1673 1392 —

108 1436 153 1477 in
196 1439 427 1490 segmento
470 1440 720 1476 transverse
765 1439 906 1475 sectas
951 1434 1148 1475 minutas
1181 1440 1223 1475 et
1256 1434 1492 1476 rotundato
1525 1434 1674 1476 ovales

111 1507 317 1557 dicerem,
369 1507 562 1549 invicem
612 1511 760 1547 autem
810 1505 1169 1547 anastomosibus
1217 1506 1491 1547 tenuissimis
1539 1510 1674 1547 trans-

110 1578 358 1621 versalibus
405 1578 451 1618 111
500 1577 734 1618 reticulum
780 1577 970 1631 junctas.
1035 1576 1301 1618 Evolutione
1335 1577 1471 1632 hujus
1506 1576 1673 1618 reticuli

111 1650 295 1692 ulterius
344 1650 464 1691 facta
511 1648 725 1690 costalem
775 1648 1015 1703 regionem.
1059 1648 1104 1689 in
1139 1648 1320 1690 Pteridii
1355 1648 1541 1691 diversis
1575 1648 1675 1703 Spe-

115 1721 266 1764 ciebus
313 1721 414 1776 plus
460 1721 609 1761 minus
643 1719 872 1762 evidenter
904 1724 1172 1768 contextam,
1207 1724 1403 1761 attamen
1438 1734 1516 1775 pro
1550 1724 1676 1760 {etate

114 1793 371 1848 speciminis
420 1796 462 1834 et
511 1792 556 1832 in
591 1791 777 1834 diversis
811 1791 1052 1846 Speciebus
1085 1791 1185 1846 plus
1218 1791 1368 1833 minus
1401 1791 1675 1846 perductam,

112 1864 217 1905 huic
250 1864 411 1905 Generi
446 1863 848 1904 characteristic-am
884 1863 1058 1918 putavi;
1109 1867 1151 1904 et
1183 1863 1266 1904 hoc
1299 1862 1552 1904 charactere
1585 1862 1676 1904 Pte-

114 1934 276 1976 ridium
327 1935 479 1976 sistere
525 1934 678 1976 Genus
721 1933 803 1975 sibi
842 1933 1088 1989 proprium,
1124 1934 1434 1988 Neuroglossis
1467 1933 1677 1989 quodam-

117 2006 251 2048 modo
284 2005 536 2061 analogum,
572 2005 792 2047 affinitate
825 2019 930 2047 vera
961 2009 1113 2047 tamen
1147 2005 1221 2047 vix
1254 2005 1552 2060 Neuroglosso
1586 2019 1677 2059 pro·

116 2077 302 2127 ximum,
337 2090 564 2119 assumere
596 2090 732 2118 ausus
765 2091 877 2118 sum.

258 2148 417 2197 Quoad
465 2152 734 2190 structuram
774 2148 1038 2203 cystocarpii
1070 2147 1318 2190 Pteridium
1352 2147 1543 2189 dicerem
1577 2162 1677 2188 cum

124 2220 220 2262 aliis
269 2219 529 2269 Generibus,
580 2233 680 2273 quae
727 2219 859 2261 hodie
904 2219 1189 2261 Delesserieis
1224 2218 1415 2274 propriis
1447 2218 1681 2259 referenda

121 2291 289 2347 putavi,
339 2304 595 2345 congruere.
664 2290 819 2345 Ipsum
867 2290 1179 2346 periearpium,
1230 2289 1373 2331 saltim
1424 2290 1469 2330 in
1518 2289 1678 2330 vicinia

122 2362 420 2417 carpostomii,
463 2361 632 2402 cellulis
666 2362 916 2403 numerosis
950 2361 1240 2416 superpositis
1274 2360 1550 2401 radiantibus
1584 2374 1682 2400 con-

122 2438 237 2475 stare
270 2432 523 2482 observavi;
558 2436 603 2474 at
634 2433 780 2486 ipsum
816 2432 1038 2479 nucleum,
1075 2432 1250 2486 qualem
1284 2431 1565 2472 Delesserieis
1589 2444 1681 2485 pro-

118 2504 226 2560 priis
275 2503 521 2546 normalem
571 2503 694 2553 finxi,
740 2503 873 2544 talem
908 2517 1086 2557 quoque
1120 2517 1190 2543 me
1224 2503 1269 2543 in
1302 2501 1507 2543 l'tcridiis
1540 2501 1681 2543 obser-

128 2590 256 2618 vasse
290 2576 494 2617 dicerem.
561 2574 720 2622 Quoad
752 2573 897 2615 locum
933 2588 1036 2616 vero
1069 2574 1114 2615 in
1148 2573 1304 2615 fronde
1337 2587 1424 2628 quo
1453 2573 1682 2615 evolutum

121 2647 214 2688 fieri
262 2646 509 2695 observavi,
560 2645 723 2687 Generi
768 2645 1174 2687 characteristicum
1214 2649 1321 2700 puto
1354 2645 1681 2699 cystocarpium

121 2722 252 2760 costae
300 2716 631 2773 superpositum
679 2717 894 2771 generari,
945 2730 1032 2771 quo
1072 2721 1272 2771 respectu
1305 2715 1552 2757 Pteridium
1585 2729 1682 2757 con-

121 2789 273 2832 venire
321 2788 547 2832 videretur
587 2802 690 2830 cum
723 2789 985 2843 Hypogslo.<*.<*0
1019 2793 1061 2829 et
1094 2786 1343 2829 Generibus
1375 2786 1479 2828 huic
1512 2786 1682 2829 vicinis.

126 2859 184 2902 Et
215 2874 319 2903 vero
352 2860 408 2902 ab
441 2859 524 2910 his,
559 2864 602 2901 et
633 2873 660 2900 a
691 2859 897 2914 plurimis
924 2859 1021 2901 aliis
1044 2859 1088 2900 in
1113 2873 1163 2900 eo
1187 2858 1410 2901 diversum
1435 2858 1683 2910 observavi,
