1875 3116
696 80 1087 126 NEUROGLOSSEAE.
1617 85 1672 125 99

116 266 192 324 ΙΙ.
246 265 338 324 De
374 267 897 336 N1‹:[†1zo(}1,oss18,
928 273 1292 332 sectionem
1323 274 1669 351 propriam

348 362 920 424 Delesseriearum
965 366 1434 427 lormantilms.

256 513 514 557 Meminisse
549 517 691 572 placet
722 518 813 572 jam
850 519 1144 574 Kiitzingium
1175 521 1219 562 in
1244 521 1511 576 Pliycologia
1535 522 1674 563 Gene-

113 585 193 626 rali
229 600 308 627 suo
342 586 504 628 Generi
539 589 815 641 Neuroylossi
846 594 1112 632 structuram
1148 589 1371 647 propriam
1407 592 1671 640 attribuisse,

112 670 247 711 quam
282 657 328 698 in
362 658 572 700 inferiore
606 659 872 715 phycomate
899 662 1354 717 parencliymaticam,
1378 663 1421 704 in
1448 663 1672 718 superiore

109 728 524 783 epenchymaticam
575 730 701 773 dixit.
766 731 885 779 Quid
932 732 1013 773 sibi
1048 734 1213 775 valeret
1247 733 1467 787 ejusmodi
1500 734 1671 775 charac-

110 803 176 840 ter
222 800 372 841 forsan
421 801 588 856 opt-ime
636 815 689 843 ex
739 802 941 844 iconibus
989 803 1044 844 ab
1093 804 1188 858 ipso
1243 804 1356 846 datis
1410 804 1673 846 concludere

110 869 281 919 liceret;
333 878 564 926 segmenta
612 873 825 914 nimirum
877 878 970 914 tum
1022 875 1275 929 superioris,
1325 879 1419 916 tum
1452 875 1673 917 inferioris

110 940 284 983 frondis
326 942 382 984 ab
422 957 472 985 eo
507 943 611 984 data
644 945 918 999 comparanti
955 945 1197 986 admodum
1233 946 1452 988 diversam
1487 951 1672 987 structu-

107 1025 202 1053 ram
236 1013 283 1054 in
322 1013 391 1055 his
436 1013 638 1069 partibus
684 1014 851 1063 adesse,
887 1015 962 1056 vix
995 1029 1085 1056 non
1119 1017 1264 1071 primo
1298 1017 1509 1072 adspectu
1542 1016 1672 1072 adpa-

108 1088 221 1134 reat;
256 1084 299 1125 in
335 1085 565 1127 nonnullis
600 1085 815 1126 nimirum
852 1076 1092 1141 segmentis
1125 1087 1303 1128 cellulas
1336 1087 1540 1129 frondem
1575 1102 1672 1129 con-

107 1155 339 1197 stituentes
373 1156 658 1211 quadraticas
690 1161 768 1198 aut
797 1157 1129 1212 rectangulares
1153 1158 1350 1213 depictas
1374 1159 1508 1200 luisse
1532 1163 1670 1213 patet;

105 1226 151 1267 in
199 1227 297 1268 aliis
345 1227 525 1269 cellulas
573 1227 817 1269 admodum
868 1227 1096 1283 elongatas
1143 1228 1353 1271 obvenire
1388 1230 1578 1271 invicem
1614 1229 1673 1271 di-

111 1300 291 1347 stantes,
326 1302 371 1339 at
403 1298 644 1340 instructas
677 1299 864 1353 apiculis
898 1299 1125 1354 elongatis,
1161 1300 1324 1354 quibus
1357 1300 1548 1341 invicem
1573 1314 1672 1341 ana-

112 1368 462 1410 stomosantibus
496 1369 748 1424 conjunctae
781 1376 1047 1424 permanent
1078 1370 1247 1412 cellulae
1280 1371 1528 1426 disjuncta),
1562 1384 1672 1425 quas

113 1438 195 1481 sub
229 1440 484 1481 evolutione
517 1465 572 1470 —
606 1446 701 1481 tum
737 1440 819 1482 sub
852 1441 1144 1496 elongatione,
1170 1447 1266 1483 tum
1300 1442 1382 1484 sub
1416 1442 1673 1483 dilatatione

106 1509 281 1551 frondis
329 1510 449 1552 facta
481 1510 767 1553 —invicem
817 1516 1010 1552 remotas
1058 1512 1234 1553 facilius
1283 1513 1382 1567 quis
1420 1512 1670 1567 conjecerit.

107 1580 167 1622 At
199 1581 383 1636 insuper
416 1582 461 1622 in
495 1581 564 1623 his
598 1581 805 1623 iconibus
840 1581 1075 1624 observare
1102 1588 1333 1638 opporteat
1356 1584 1470 1625 inter
1492 1583 1672 1625 cellulas

104 1652 519 1708 parenchymaticas
568 1652 723 1694 adesse
775 1666 943 1707 organa
983 1654 1297 1703 minutissima,
1332 1668 1432 1709 qua}
1465 1654 1672 1708 (sectione

108 1723 394 1765 transversali
445 1724 635 1779 depicta)
684 1723 791 1778 quid
842 1723 923 1765 sibi
964 1725 1141 1766 valeant
1180 1725 1255 1766 vix
1286 1724 1368 1766 rite
1401 1724 1670 1780 explicatum

103 1798 296 1849 putares.
360 1793 464 1836 Fuit
512 1795 607 1836 haec
657 1799 881 1836 structura
926 1795 1220 1850 phycomatis,
1255 1797 1384 1850 cujus
1415 1795 1669 1837 inferiorem

110 1869 282 1920 partem
324 1866 746 1920 paremffzgesmatfe'cam
793 1865 916 1915 dixit,
972 1867 1245 1922 superiorem
1294 1867 1669 1922 epenchymatc'cam

105 1937 263 1979 cellulis
310 1937 527 1979 ordinatis
546 1936 596 1993 ²³²).
666 1936 826 1978 Nescio
864 1951 921 1978 an
955 1937 1099 1979 dicere
1132 1937 1341 1979 auderem
1376 1937 1669 1992 Kiitzingium

114 2007 261 2062 ipsum
296 2007 372 2050 vix
405 2022 509 2050 suas
541 2007 691 2049 icones
725 2007 851 2050 datas
884 2008 965 2050 rite
998 2008 1325 2064 interpretasse,
1368 2022 1448 2050 nec
1480 2008 1616 2063 igitur
1647 2022 1672 2050 a

114 2077 405 2133 sequentibus
439 2078 744 2134 Systematicis
778 2083 1044 2121 structuram
1080 2080 1349 2135 peculiarem
1374 2079 1454 2121 rite
1483 2079 1670 2121 intellec-

113 2154 204 2190 tam
254 2150 393 2191 fuisse
441 2150 648 2200 mirares;
698 2164 779 2191 nec
828 2150 934 2204 quid
985 2150 1066 2192 sibi
1116 2150 1261 2192 valeat
1298 2151 1341 2191 in
1376 2150 1671 2192 affinitatibus

117 2219 419 2276 dijudicandis
451 2220 589 2276 probe
623 2221 886 2262 aestimatam
920 2222 1068 2269 fuisse,
1095 2221 1297 2263 lubenter
1319 2221 1523 2263 dicerem.
1576 2221 1669 2263 Dis-

249 2361 282 2405 *)
308 2363 556 2405 Ktttzingium
585 2363 623 2396 in
650 2364 720 2397 hac
747 2366 935 2397 structura
961 2364 1207 2397 describenda
1232 2364 1385 2398 ductum
1414 2364 1531 2397 fuisse
1550 2364 1670 2398 obser<

101 2421 318 2455 vationibus
346 2433 391 2455 ex
418 2422 546 2465 planta
575 2423 765 2456 exsiccata
795 2423 979 2464 deductis,
1009 2426 1122 2465 patet.
1167 2423 1321 2463 Qualem
1350 2424 1447 2457 hanc
1465 2424 1670 2465 segmentis

102 2481 212 2514 factis
239 2481 439 2515 observare
466 2481 637 2522 eredidit,
666 2481 779 2514 talem
811 2481 1023 2515 describere
1050 2485 1207 2515 conatus
1234 2486 1301 2516 est,
1340 2483 1416 2516 Nee
1440 2483 1549 2516 aliam
1570 2483 1668 2516 viam

109 2540 221 2573 hodie
260 2540 543 2583 ingrediendam
583 2540 661 2573 scio
700 2540 756 2581 iis,
797 2541 858 2582 qui
900 2541 937 2573 in
975 2541 1225 2574 affinitatibus
1255 2541 1510 2575 Floridearum
1537 2542 1669 2584 dijudi-

105 2599 235 2633 caudis
272 2600 440 2633 studium
469 2604 505 2633 et
534 2610 687 2642 operam
716 2603 873 2642 ponunt.
924 2600 986 2633 Me
1014 2600 1127 2642 igitur
1153 2600 1222 2633 hoc
1250 2600 1341 2642 loco,
1369 2604 1408 2633 ut
1436 2601 1530 2643 aliis,
1556 2605 1669 2634 struc-

109 2661 232 2691 turam
270 2659 526 2692 Floridearum
564 2659 676 2692 talem
705 2658 916 2691 describere
944 2659 1121 2701 voluisse,
1149 2659 1296 2701 qualem
1324 2670 1369 2693 ex
1397 2660 1454 2703 iis,
1481 2671 1562 2703 quae
1590 2660 1670 2703 ipse

106 2717 196 2760 vidi,
218 2718 375 2751 eandem
397 2718 492 2751 mihi
519 2718 706 2761 explicare
734 2721 890 2751 conatus
918 2729 1013 2757 sum,
1033 2718 1176 2751 dixisse
1195 2719 1326 2761 placet.
1366 2720 1409 2752 In
1428 2720 1669 2762 systematiea

114 2776 363 2820 dispositione
390 2778 616 2821 plantarum,
644 2788 726 2820 quae
753 2778 875 2820 quoad
901 2778 1106 2811 maximam
1135 2781 1277 2820 partem
1306 2788 1325 2811 e
1351 2779 1518 2812 maribus
1542 2780 1669 2812 Extra-

108 2836 303 2879 Europaeis
328 2837 565 2880 proveniant,
591 2837 662 2871 hac
687 2837 749 2870 via
774 2837 1005 2870 tutissimum
1034 2837 1077 2870 iri
1104 2837 1245 2879 putavi.
