1875 3116
210 117 234 156 ⁶2
243 117 259 156 l
268 118 295 158 O
868 114 1124 158 Pmmmffi.
1535 117 1772 160 Calloseris.

352 234 599 289 Sequentes
630 234 767 289 igitur
799 234 964 276 formas
1001 234 1234 276 Pteridieis
1267 235 1488 290 pertinere
1521 251 1774 292 supponere

209 321 345 349 aUSUS
377 321 497 348 sum:

209 404 339 437 Genus
365 414 435 436 suo
460 403 593 436 habitu
621 403 846 446 adparenter
871 401 1141 446 Nitoplzsylleum
1160 429 1167 437 .
1196 430 1203 437 .
1233 432 1238 437 .
1268 432 1274 437 .
1365 405 1392 437 Ι.
1433 404 1698 438 CALLOSERIs.

624 463 744 504 magis
772 461 1033 495 Delesseriemn
1055 489 1274 496 .......
1345 464 1392 497 II.
1431 464 1746 497 PARAGLossUM.

1325 523 1391 556 HI.
1432 522 1711 556 CAL‹›GLossA.

210 552 358 585 Genera
389 562 458 585 sua
485 552 630 585 frondis
656 554 844 585 structura
871 552 990 593 magis
1018 551 1277 596 Neuroylossea
1328 583 1380 616 IV
1433 583 1669 616 Prmummr

1387 611 1392 616 .
1640 599 1649 615 1
1675 611 1680 616 .

314 724 502 776 GENUS
545 724 579 775 Ι.
660 725 998 776 CALLOSERIS
1043 732 1146 774 Gen.
1181 746 1270 774 nov.
1305 732 1674 774 Delesseriearmn.

211 844 353 886 Frons
402 845 549 900 plana,
598 845 860 887 tenuissime
906 845 1261 895 membranacea,
1304 849 1498 886 ecostata
1530 850 1573 887 et
1603 845 1774 894 avenia,

353 915 522 957 cellulis
583 915 808 971 angulatis
867 915 1078 965 areolata,
1137 915 1775 970 subdichotomo-pinnatifida,

354 1002 546 1043 superne
579 988 624 1028 in
650 987 832 1029 lacinias
856 987 1264 1037 cuneato-lineares,
1289 1002 1315 1029 a
1336 988 1539 1043 margine
1563 987 1778 1029 distanter

355 1058 832 1101 dentato-subseriatas
878 1059 1120 1108 subdivisa,
1166 1059 1341 1100 inferne
1385 1059 1589 1100 lacinulis
1623 1059 1778 1100 multo-

353 1130 603 1172 minoribus
627 1130 1024 1172 subconformibus
1047 1130 1339 1185 sub15›innata;
1369 1130 1572 1172 lacinulis
1595 1130 1774 1172 demum

352 1202 607 1253 fructiferis,
657 1216 793 1257 supra
838 1201 1104 1257 pedicellum
1155 1202 1346 1243 sterilem
1391 1216 1542 1243 sorum
1576 1201 1774 1244 validum

353 1273 684 1328 generantibus,
735 1274 860 1328 apice
909 1272 1045 1314 sterili
1090 1273 1219 1327 quasi
1252 1273 1384 1314 crista
1416 1277 1620 1314 comante
1653 1288 1777 1328 supe-

355 1345 482 1396 ratis;
532 1359 630 1387 soro
671 1345 716 1386 in
764 1349 1002 1399 utramque
1035 1345 1245 1400 paginam
1280 1358 1407 1399 aeque
1440 1345 1777 1394 intumescente,

354 1421 480 1459 extra
533 1416 714 1458 cellulas
771 1416 958 1458 costales
1013 1416 1514 1458 submonostromaticas
1569 1417 1779 1470 utrinque

353 1489 765 1544 sphaerosporarum
814 1489 994 1530 unicam
1043 1488 1214 1538 seriem,
1265 1487 1456 1530 invicem
1501 1488 1670 1529 cellulis
1703 1487 1777 1530 vix

355 1560 687 1602 transformatis
719 1560 910 1602 cinctam
949 1559 1279 1614 generantibus.

354 1667 562 1710 Plantam
611 1673 661 1710 ut
708 1673 912 1723 putarem
962 1681 1141 1717 novam,
1182 1681 1234 1708 ex
1268 1666 1412 1708 littore
1446 1666 1635 1707 Floridae
1667 1665 1777 1707 mihi

215 1739 413 1790 missam,
448 1740 541 1782 fere
575 1740 910 1795 monotypicam
945 1738 1150 1788 dicerem,
1187 1738 1437 1780 substantia
1467 1737 1709 1792 gelatinosa
1737 1741 1780 1778 et

211 1811 428 1853 tenuitate
474 1811 749 1853 membranae
789 1811 1025 1865 insignem,
1060 1815 1249 1865 utroque
1284 1814 1484 1865 respectu
1519 1808 1780 1864 Nitophylla

212 1884 394 1937 propria
441 1897 678 1939 superans;
729 1887 850 1924 costa
896 1881 1163 1937 adparenter
1210 1881 1443 1923 deficiente
1490 1881 1638 1936 potius
1676 1894 1776 1921 cum

214 1952 486 2007 Nitophyllis
535 1967 671 2007 quam
720 1967 823 1994 cum
871 1952 1156 1993 Delesserieis
1204 1951 1508 2006 comparanda
1539 1950 1776 1993 videretur.

210 2024 382 2066 Habitu
415 2028 567 2066 tamen
600 2038 780 2079 quoque
813 2024 868 2066 ab
901 2024 970 2065 his
1003 2023 1159 2073 aliena,
1195 2018 1348 2079 utpote
1372 2022 1596 2078 margines
1618 2035 1777 2078 gerens

217 2095 452 2137 denticulis
485 2095 664 2145 obsitos,
706 2095 914 2137 dentibus
947 2109 1051 2137 vero
1084 2095 1260 2137 inferne
1292 2095 1338 2135 in
1371 2095 1554 2136 lacinias
1588 2093 1778 2149 propriae

213 2166 371 2208 formae
419 2166 790 2216 excrescentibus,
841 2181 953 2221 quas
1001 2180 1080 2208 suo
1128 2166 1283 2207 ordine
1330 2166 1376 2207 in
1419 2179 1566 2207 sorum
1603 2165 1778 2206 inferne

211 2240 576 2289 intumescentes,
612 2253 804 2294 superne
839 2238 967 2292 quasi
1000 2237 1044 2278 in
1079 2238 1259 2279 cristam
1293 2236 1384 2279 suis
1412 2236 1582 2278 laciniis
1604 2249 1776 2277 coman-

214 2317 303 2353 tem
337 2310 692 2361 transformatus,
737 2308 792 2350 ad
826 2308 1031 2350 habitum
1065 2308 1295 2364 proprium
1329 2308 1464 2350 totius
1498 2308 1661 2363 plantae
1693 2306 1778 2348 exi·

212 2383 301 2424 mie
347 2382 547 2423 conferre
590 2380 771 2422 diceres.
836 2380 872 2421 A
909 2380 1020 2421 facie
1053 2379 1288 2422 observata
1320 2384 1586 2421 structuram
1622 2383 1665 2420 et
1696 2377 1778 2419 dis-

216 2453 482 2509 positionem
533 2451 807 2502 cellularum,
858 2453 1035 2507 qualem
1077 2452 1123 2492 in
1166 2450 1437 2506 Nitophyllis
1475 2450 1778 2505 homaeocysti-

216 2525 310 2567 deis
360 2524 673 2567 obvenientem
726 2523 912 2573 diceres;
961 2522 1245 2565 transversali
1295 2535 1398 2564 vero
1435 2523 1554 2564 facta
1585 2522 1777 2563 sectione

216 2595 388 2637 frondis
421 2596 496 2637 vix
530 2599 797 2637 structuram
832 2593 1194 2649 Nitophyllorum
1228 2594 1309 2635 rite
1343 2593 1601 2648 perductam
1629 2592 1777 2648 digno-

216 2667 425 2709 scendam
461 2666 629 2722 putavi,
665 2665 861 2707 seriebus
895 2679 1056 2720 nempe
1086 2665 1345 2706 cellularum
1369 2664 1450 2706 rite
1473 2664 1776 2719 superpositis,

216 2742 257 2779 et
291 2752 317 2779 a
348 2737 500 2779 costali
548 2737 727 2792 regione
760 2736 888 2791 quasi
922 2740 1168 2778 extrorsum
1204 2735 1482 2777 radiantibus
1514 2735 1589 2777 vix
1622 2734 1777 2776 consti-

222 2812 385 2858 tutam3
435 2808 615 2849 cellulas
662 2807 876 2849 nimirum
926 2821 1104 2863 paucas,
1153 2821 1273 2848 nunc
1319 2807 1358 2856 3,
1407 2820 1528 2847 nunc
1570 2807 1599 2846 4
1629 2819 1776 2860 super-

222 2879 385 2932 positas
418 2879 653 2921 observare
686 2878 854 2933 putavi,
889 2883 934 2920 at
966 2893 1086 2919 nunc
1112 2891 1293 2932 quoque
1314 2878 1457 2931 magis
1478 2876 1778 2930 irregulariter
