1875 3116
130 44 441 97 Paraqlossum.
778 44 1030 86 Pmnmffl.
1603 47 1688 88 215

270 159 336 201 De
382 160 587 203 Pteridiis
629 161 825 203 scribens
862 162 1057 205 indicavi
1090 163 1171 204 has
1203 163 1371 205 formas
1403 167 1500 205 tum
1531 178 1685 220 gerere

127 232 335 274 costalem
368 232 596 287 regionem
618 232 791 275 frondis
815 233 914 288 plus
938 234 1087 275 minus
1110 234 1354 285 evolutam;
1379 235 1527 290 quoad
1551 239 1686 278 struc-

127 308 275 345 turam
308 317 424 352 vero,
459 303 653 358 (qualem
685 318 711 345 a
743 304 857 346 facie
890 304 1185 360 observatam)
1219 305 1365 347 saltim
1390 306 1436 347 in
1457 307 1686 375 nonnullis

127 374 367 430 Speciebus
414 375 531 417 hanc
577 375 805 430 regionem
855 376 963 417 mihi
1012 376 1271 431 adparuisse
1318 392 1408 419 non
1440 377 1686 420 admodum

127 446 349 488 diversam
397 460 423 488 a
470 451 704 497 structura,
754 461 891 502 quam
938 448 984 489 in
1033 452 1156 503 parte
1201 448 1372 490 frondis
1404 448 1496 491 alas
1529 450 1686 492 consti-

125 522 278 560 tuente
309 517 672 568 observaveram;
708 518 886 560 cellulas
920 533 1081 574 nempe
1114 519 1286 561 alarum
1315 534 1409 562 esse
1432 521 1685 563 rotundato-

125 588 370 643 angulatas,
421 588 530 629 dum
574 589 620 629 in
653 589 805 630 costali
838 590 1017 645 regione
1051 590 1231 632 cellulas
1263 590 1355 634 vidi
1390 605 1515 634 secus
1548 591 1684 647 longi-

124 659 325 701 tudinem
360 663 491 700 costae
524 659 750 714 paulisper
782 659 1016 714 longiores.
1082 661 1134 703 In
1168 661 1409 717 Speciebus
1442 664 1681 714 nonnullis,

125 731 267 786 magis
314 730 552 785 conspicue
600 730 739 781 alatis,
789 732 880 773 alas
928 746 1159 787 percursas
1207 733 1440 777 observavi
1482 735 1620 785 venis,
1660 749 1685 777 a

124 802 277 844 costali
320 801 500 857 regione
533 801 588 843 ad
623 802 846 857 margines
879 804 1237 855 excurrentibus;
1287 805 1548 848 interveniis
1580 820 1684 849 vero

124 873 521 929 homaeocystideis,
556 872 815 928 cellulisque
849 874 1009 915 horum
1043 874 1209 917 sensim
1242 875 1287 917 in
1321 876 1524 932 cyclades
1557 876 1683 919 cellu-

123 945 265 986 larum
301 945 527 986 minorum
559 943 808 999 disjunctis.
860 944 947 987 Ubi
982 959 1084 987 vero
1118 946 1162 987 in
1191 946 1397 989 Pteridiis
1420 947 1500 990 alae
1523 963 1683 1004 parum

123 1017 311 1059 evolutae
333 1015 624 1065 obvenerunt,
649 1030 829 1071 quoque
853 1030 989 1059 Venas
1012 1016 1283 1059 obsolescere
1308 1020 1475 1061 monui.
1520 1019 1685 1062 Praeter

122 1088 203 1130 hos
236 1101 353 1137 vere,
387 1087 515 1142 quasi
548 1087 786 1129 exteriores
809 1092 1042 1130 structurae
1065 1093 1205 1139 notas,
1232 1090 1526 1145 principalem
1549 1105 1683 1146 quen-

122 1159 227 1202 dam
270 1158 569 1201 Pteridiorum
601 1159 903 1201 characterem
936 1159 982 1201 in
1016 1164 1239 1202 structura
1272 1161 1441 1203 frondis
1473 1162 1681 1205 interiore

122 1230 416 1286 quaerendum
448 1230 658 1281 assumsi;
693 1231 908 1272 nimirum
941 1231 989 1272 in
1022 1231 1276 1274 evolutione
1309 1234 1561 1288 systematis
1589 1248 1684 1289 pro-

121 1302 207 1358 prii
238 1302 413 1344 filorum
447 1302 825 1353 tenuissimorum,
861 1317 962 1358 quae
994 1303 1042 1344 in
1074 1302 1370 1346 adultioribus
1404 1304 1616 1359 partibus,
1642 1309 1684 1347 et

121 1374 344 1429 praecipue
390 1374 438 1414 in
484 1373 664 1428 regione
712 1375 863 1416 costali
918 1375 1062 1430 magis
1111 1376 1344 1431 magisque
1393 1376 1680 1428 evolvuntur;

121 1459 311 1500 quaeque
348 1445 393 1486 in
430 1444 656 1487 nonnullis
689 1445 782 1487 fere
814 1450 955 1488 totam
987 1446 1216 1502 regionem
1249 1447 1461 1489 costalem
1494 1448 1556 1489 ita
1588 1461 1682 1503 per-

122 1516 305 1567 vadunt,
355 1520 404 1557 ut
450 1530 565 1570 aegre
613 1516 838 1572 quispiam
886 1517 933 1558 in
980 1517 1105 1560 caule
1147 1522 1190 1560 et
1225 1518 1318 1560 ima
1349 1523 1474 1574 parte
1507 1518 1683 1561 costalis

122 1588 314 1643 regionis
361 1587 621 1643 primariam
670 1591 938 1630 structuram
984 1588 1361 1632 Delesseriearum
1402 1590 1450 1631 in
1482 1589 1683 1645 partibus

122 1660 181 1701 ita
214 1659 395 1701 mutatis
429 1662 772 1713 recognosceret.
832 1659 963 1702 Hanc
995 1661 1419 1703 transmutationem
1451 1665 1684 1703 structurae

122 1731 214 1772 fieri
262 1729 516 1773 evolutione
558 1731 810 1785 systematis
843 1732 1012 1787 proprii
1045 1732 1223 1774 filorum
1255 1732 1522 1788 adparenter
1553 1733 1682 1775 inter-

120 1802 409 1852 cellularium,
459 1816 559 1857 quae
606 1802 965 1845 anastomosibus
1004 1803 1228 1846 cohaerent
1266 1804 1469 1860 proprias
1502 1804 1682 1847 cellulas

120 1873 358 1928 conspicue
391 1873 584 1928 majores
616 1873 901 1916 circumcirca
934 1874 1176 1930 cingentia;
1217 1880 1260 1917 et
1290 1875 1371 1918 has
1405 1875 1585 1918 cellulas
1627 1901 1683 1906 ——

121 1945 248 2000 quasi
296 1944 542 2000 disjunctas
590 1945 744 2000 spatiis
788 1946 889 2001 plus
931 1946 1081 1988 minus
1113 1947 1367 2002 conspicuis
1398 1972 1456 1977 —-
1488 1946 1683 1990 invicem

120 2016 340 2059 cohibent.
405 2016 458 2058 In
505 2019 629 2071 parte
677 2017 904 2071 superiore
953 2021 995 2059 et
1039 2017 1218 2073 juniore
1265 2018 1435 2060 frondis
1480 2018 1555 2061 vix
1593 2017 1683 2059 ulla

121 2087 362 2142 conspicua
393 2087 557 2130 adsunt
578 2088 716 2144 hujus
739 2088 864 2130 strati
886 2088 1069 2139 indicia;
1094 2089 1141 2130 in
1163 2088 1458 2131 adultioribus
1482 2089 1682 2144 partibus

122 2159 233 2200 flunt
266 2159 432 2201 sensim
464 2159 739 2201 evidentiora
771 2163 814 2201 et
844 2160 892 2201 in
924 2160 1080 2202 infima
1113 2165 1238 2216 parte
1271 2160 1410 2202 caulis
1434 2159 1678 2209 adultioris,

120 2230 182 2272 ita
228 2234 364 2272 totam
414 2230 622 2272 frondem
670 2231 922 2286 pervadunt
963 2235 1013 2272 ut
1045 2231 1245 2285 plantam
1279 2231 1465 2273 diversae
1498 2231 1681 2272 omnino

121 2305 352 2342 structurae
385 2315 534 2342 coram
566 2301 730 2343 habere
754 2306 945 2356 putares.
996 2301 1041 2343 Si
1063 2302 1199 2355 igitur
1221 2301 1522 2344 evolutionem
1544 2301 1681 2356 hujus

121 2371 245 2413 strati
290 2371 371 2412 rite
417 2372 702 2426 perceperim,
736 2377 858 2427 patet
890 2372 1160 2427 peculiarem
1193 2376 1474 2422 structuram,
1508 2373 1553 2413 in
1588 2386 1681 2427 par-

121 2442 239 2484 tibus
281 2441 510 2483 frondium
552 2442 827 2497 juvenilibus
861 2442 935 2484 vix
968 2442 1333 2497 conspiciendam
1366 2456 1472 2493 esse,
1507 2443 1541 2484 si
1577 2457 1680 2497 quo·

122 2527 208 2568 que
255 2513 302 2554 in
348 2513 506 2554 infima
552 2512 768 2554 adultiore
816 2518 940 2568 parte
988 2513 1190 2568 ejusdem
1229 2513 1402 2555 frondis
1435 2513 1680 2556 admodum

122 2584 363 2639 conspicua
395 2583 521 2626 adsit.
586 2583 706 2625 Hinc
739 2598 918 2639 quoque
951 2598 1178 2626 assumere
1213 2598 1339 2639 posse
1371 2584 1551 2635 credidi,
1583 2599 1680 2628 ean-

123 2654 225 2696 dem
256 2655 303 2696 in
336 2655 522 2698 diversis
557 2654 797 2710 Speciebus
831 2669 1010 2710 quoque
1044 2655 1144 2710 plus
1178 2655 1327 2697 minus
1360 2656 1586 2699 evolutam
1610 2657 1679 2699 ob-

121 2723 274 2768 venire
322 2740 462 2781 posse.
527 2725 756 2775 Quaerenti
795 2726 905 2767 mihi
948 2726 1172 2781 quomodo
1210 2727 1446 2769 reticulum
1478 2728 1561 2770 hoc
1594 2727 1680 2770 filo-

122 2810 222 2838 rum
254 2796 648 2839 intercellularium
680 2797 857 2848 oriatur,
893 2797 1215 2840 assumendum
1248 2797 1456 2854 adparuit
1477 2798 1680 2856 ejusdem
