1875 3116
138 111 390 164 Caloylossa.
788 107 1040 148 PTEmmAE.
1612 105 1694 145 231

133 228 236 270 dam
278 242 385 270 esse.
450 226 604 276 Quum
644 227 780 280 igitur
818 239 939 267 soros
971 223 1303 267 observaverim
1335 223 1381 264 in
1416 221 1691 276 Hypoylosn's

133 304 176 342 et
226 298 489 353 CaZoylossis,
539 298 575 340 si
622 311 801 352 quoque
849 295 997 352 quoad
1036 296 1171 337 situm
1204 294 1251 336 in
1284 293 1443 336 fronde
1476 292 1690 348 quodam-

133 370 266 412 modo
299 374 606 425 congruentes,
641 373 792 411 tamen
825 372 867 410 et
889 366 1037 423 quoad
1063 366 1258 415 modum,
1285 379 1373 420 quo
1403 367 1692 420 generantur,

134 445 176 484 et
207 439 355 497 quoad
389 443 658 483 structuram
690 439 897 494 partium,
923 438 1088 493 quibus
1121 437 1305 478 denum
1337 435 1706 485 constituuntur,·

133 512 375 555 admodum
411 511 621 561 diversos,
656 509 919 553 concludere
952 522 1087 551 ausus
1121 522 1221 550 sum
1254 507 1428 549 Genera
1455 506 1550 548 haec
1573 510 1690 548 certo

134 583 328 639 quodam
363 586 565 638 respectu
596 582 796 636 analoga,
834 581 978 636 potius
1012 594 1150 635 quam
1183 578 1384 635 proxime
1411 577 1569 620 affinia
1598 591 1697 620 con-

134 652 371 697 sideranda
403 667 510 695 esse.

276 723 377 774 Quo
409 722 593 779 quidem
626 726 827 777 respectu
862 722 1118 764 meminisse
1152 721 1296 776 placet
1328 735 1398 762 me
1429 719 1563 762 hodie
1584 720 1694 776 ipsis

136 795 441 852 HypoglossiS,
491 794 573 837 rite
621 793 814 836 definitis
857 808 1008 835 sorum
1041 792 1295 834 attribuisse
1328 792 1384 834 ab
1418 806 1468 833 eo
1501 791 1695 833 aliorum

135 868 362 910 Generum
393 867 441 908 in
473 880 524 908 eo
557 865 797 914 diversum,
842 864 960 919 quod
994 868 1139 905 totum
1173 877 1324 905 sorum
1356 863 1474 904 intra
1507 862 1609 918 pagi
1630 876 1696 904 ias

134 938 307 981 frondis
355 937 431 980 vix
479 940 671 979 mutatas
718 939 994 991 generatum,
1039 938 1081 976 et
1121 934 1225 976 hinc
1259 938 1400 975 totum
1435 933 1564 989 quasi
1595 933 1698 976 inte-

134 1011 286 1053 riorem
334 1009 444 1050 dixi:
493 1008 539 1050 in
587 1022 686 1050 soro
720 1033 775 1038 ——
807 1007 891 1049 hoc
936 1005 1070 1047 modo
1109 1005 1236 1060 quasi
1269 1009 1361 1046 toto
1393 1004 1601 1047 interiore
1643 1030 1698 1034 -—

135 1095 230 1124 esse
262 1080 441 1123 easdem
474 1079 805 1135 sphaerosporas
837 1078 884 1120 in
918 1082 1154 1132 utramque
1186 1075 1400 1132 paginam
1423 1075 1698 1117 translucen-

135 1157 213 1202 tes,
256 1165 356 1207 quae
394 1151 441 1192 in
474 1165 572 1193 soro
605 1165 632 1192 a
662 1150 777 1192 facie
809 1149 1043 1192 observato
1076 1151 1424 1189 maturescentes
1457 1146 1699 1189 observa-i-

135 1228 224 1274 tur;
258 1223 510 1278 harumque
543 1222 957 1277 sphaerosporarum
991 1219 1100 1261 alias
1133 1218 1190 1260 ad
1223 1232 1375 1268 unam,
1411 1218 1519 1260 alias
1553 1216 1609 1259 ad
1642 1216 1698 1258 al-

134 1299 276 1337 teram
308 1294 520 1349 paginam
555 1294 739 1335 emissas
773 1292 879 1341 fieri,
915 1295 1050 1346 prout
1081 1291 1339 1332 formantur
1371 1289 1487 1330 intra
1519 1288 1699 1330 cellulas

135 1365 308 1407 frondis
341 1365 583 1415 interiores,
618 1364 806 1407 diversis
835 1362 1075 1419 paginibus
1098 1361 1348 1417 proximas:
1374 1361 1494 1416 ipsas
1517 1358 1697 1401 cellulas

136 1436 553 1493 sphaerosporiferas
601 1436 816 1477 nimirum
864 1448 958 1477 esse
1005 1434 1051 1475 in
1099 1432 1259 1474 fronde
1306 1432 1518 1474 interiore
1567 1430 1699 1486 pluri-

137 1508 337 1557 seriatos;
386 1508 549 1549 harum
581 1511 731 1548 autem
763 1506 872 1548 alias
905 1504 1204 1561 praecociores,
1240 1503 1349 1545 alias
1383 1502 1524 1544 serius
1558 1502 1701 1557 sphae-

137 1579 328 1634 rosporis
362 1578 763 1620 maturescentibus
795 1576 1003 1632 gravidas
1033 1575 1149 1625 fieri;
1175 1575 1280 1617 hinc
1303 1588 1484 1629 quoque
1509 1573 1700 1628 sphaero-

137 1664 302 1706 sporas,
338 1649 513 1691 diverso
546 1653 744 1704 tempore
773 1651 1131 1697 maturescentes,
1156 1659 1335 1702 quoque
1358 1645 1528 1687 cinctas
1555 1643 1695 1686 videri

137 1721 234 1763 aliis
282 1720 451 1762 cellulis
495 1725 573 1762 aut
613 1719 815 1761 nondum
851 1718 1050 1767 maturis,
1086 1721 1164 1759 aut
1195 1716 1375 1759 residua
1406 1715 1553 1757 adhuc
1587 1720 1701 1770 post—

139 1792 423 1835 emissionem
447 1792 859 1847 sphaerosporarum
882 1789 1165 1846 persistentia
1187 1787 1505 1830 formantibus.
1536 1786 1701 1828 Totum

138 1865 274 1920 igitur
320 1877 471 1905 sorum
519 1864 565 1904 in
614 1863 923 1918 Hypoglossis,
970 1860 1101 1903 modo
1139 1860 1208 1902 his
1242 1859 1422 1915 proprio
1455 1858 1701 1900 formatum

138 1935 283 1977 dicere
315 1948 451 1976 ausus
483 1948 598 1982 sum.
643 1948 779 1989 quem
811 1947 992 1989 quoque
1025 1946 1105 1974 suo
1138 1936 1245 1986 typo
1284 1930 1447 1972 eximie
1482 1929 1701 1972 characte-

139 2007 338 2049 risticum
372 2020 463 2047 non
496 2020 679 2061 possum
712 2005 822 2060 quin
857 2018 1075 2060 urgerem.

282 2076 328 2118 Si
376 2091 480 2119 vero
524 2091 624 2118 cum
674 2076 743 2118 his
791 2075 900 2118 soris
949 2074 1341 2131 Hypoglossorum
1384 2076 1702 2127 comparantur

140 2149 226 2191 sori
260 2148 306 2189 in
339 2148 603 2203 Caloglossis
636 2147 939 2197 obvenientes,
974 2146 1109 2188 aliam
1142 2159 1322 2201 prorsus
1356 2147 1624 2185 structuram
1654 2142 1700 2183 in

140 2221 210 2262 his
243 2219 500 2274 dignoscere
529 2219 672 2261 liceat.
723 2219 875 2274 Ipsam
905 2218 1121 2260 laminam
1145 2215 1315 2258 frondis
1339 2215 1445 2269 (alas
1468 2214 1514 2254 in
1538 2212 1701 2267 quibus

142 2291 228 2333 sori
260 2291 544 2345 generantur)
579 2289 1023 2331 monostromaticam
1058 2288 1250 2329 dicerem
1287 2310 1339 2315 -ψ-
1373 2285 1488 2326 intra
1520 2283 1701 2325 cellulas

141 2376 244 2403 suas
281 2386 333 2390 κ
366 2375 391 2401 a
422 2364 539 2402 costa
574 2361 799 2414 margines
838 2374 991 2402 versus
1024 2358 1260 2402 radiantes,
1291 2369 1470 2410 quoque
1503 2354 1701 2409 singulas

143 2433 473 2488 sphaerosporas
507 2456 561 2460 ——
600 2430 769 2472 cellulae
819 2429 1041 2472 interioris
1092 2428 1147 2470 ad
1195 2428 1335 2469 instar
1381 2429 1613 2481 generatas
1647 2450 1700 2454 —

143 2504 189 2545 in
237 2502 371 2545 series
419 2516 445 2543 a
491 2501 644 2543 costali
685 2500 865 2555 regione
906 2499 1129 2554 margines
1163 2511 1316 2540 versus
1350 2495 1574 2538 radiantes
1608 2495 1701 2536 fieri

145 2578 275 2630 patet.
333 2572 393 2615 Ut
425 2577 721 2614 maturescere
756 2571 964 2614 videntur
998 2570 1329 2625 splizerosporae,
1361 2567 1550 2623 parietes
1573 2566 1702 2608 cellu-

144 2644 288 2687 larum
322 2644 669 2700 (sphaerosporas
701 2642 1029 2697 generantium)
1060 2654 1239 2695 quoque
1263 2638 1443 2681 domum
1470 2637 1702 2679 distractas

146 2715 261 2767 fieri;
310 2721 353 2757 et
399 2715 483 2756 hoc
531 2713 747 2769 adparatu
784 2712 1009 2754 ambiente
1043 2714 1279 2766 ruptarum
1312 2709 1519 2765 partium,
1554 2708 1702 2764 potius

147 2800 282 2842 quam
331 2785 498 2828 cellulis
546 2784 752 2841 propriis,
803 2787 880 2825 ant
927 2782 1079 2825 vacuis
1123 2787 1200 2823 aut
1237 2780 1376 2823 serius
1409 2784 1702 2822 maturescen-

146 2857 277 2908 tibus,
326 2870 478 2899 sorum
524 2860 898 2899 maturescentem
946 2853 1212 2910 Ualoglossae
1257 2852 1454 2895 cinctum
1493 2851 1700 2894 dicerem.
