1875 3116
177 107 232 147 86
773 110 813 151 N
818 126 992 153 ITOPHY
999 128 1137 156 LLEAE.
1432 119 1484 160 N
1482 119 1737 174 itophyllum.

456 226 779 280 maryinalr'bm,
825 230 950 283 [onya
978 232 1225 286 plen-semmam
1255 235 1361 277 serie
1391 237 1620 291 dispositis,
1653 240 1737 282 se'n-

453 297 567 349 yulis
596 300 877 353 sporophylla's
908 316 983 343 suo
1013 317 1107 344 soro
1138 307 1362 348 rotundato
1396 307 1623 352 instructis.

314 436 492 492 Species
536 439 674 493 hujus
708 442 915 485 sectionis
948 445 1060 486 mihi
1093 446 1399 502 adparuerunt
1431 456 1527 494 tum
1561 453 1736 498 Dawso-

172 507 268 557 niis,
303 512 397 549 tum
436 508 716 563 Hymenenis
755 514 984 567 proximae,
1020 518 1166 571 quoad
1202 524 1472 564 structuram
1504 525 1675 569 frondis
1708 544 1735 570 a

170 578 418 620 Dawsoniis
466 580 542 622 vix
591 581 918 637 dignoscendis,
970 592 1015 628 at
1063 589 1329 633 formatione
1369 598 1411 634 et
1445 594 1734 650 dispositione

169 650 255 690 sori
289 649 344 690 ab
378 650 446 692 his
480 651 756 696 abludentes.
812 656 934 698 Dum
966 659 1182 702 nimirum
1206 663 1292 703 sori
1317 664 1733 722 splnerosporarum

168 720 213 760 in
247 721 448 775 partibus
481 723 622 778 ipsius
656 725 829 769 frondis
863 729 1027 783 saepius
1062 730 1231 774 ultimis
1264 740 1342 776 aut
1364 739 1585 791 supremis
1607 755 1734 795 gene-

168 797 324 834 rantur
370 795 598 837 numerosi
645 796 690 837 in
724 797 987 849 Dawsoniis,
1021 801 1068 843 in
1102 802 1385 858 Hymenenis
1419 823 1522 850 vero
1556 814 1735 867 prcmrio

168 862 300 904 modo
334 864 380 905 in
413 865 674 909 interveniis
708 868 923 925 dispositi,
955 872 1082 915 aliter
1115 876 1298 918 omnino
1332 878 1377 919 in
1414 880 1734 937 Botryoglossis

167 948 288 975 soros
327 937 529 990 generari
573 944 758 982 constat.
824 941 876 983 In
917 943 983 985 his
1017 945 1231 988 nimirum
1268 952 1538 1002 proveniunt
1570 955 1733 1010 saepius

166 1009 312 1059 partes
344 1008 548 1062 propriae,
593 1011 721 1065 quasi
755 1012 811 1054 ad
845 1028 967 1057 soros
999 1019 1280 1070 generandos
1314 1021 1532 1073 formatae,
1567 1040 1730 1082 nempe

165 1076 318 1131 phylla
366 1079 539 1121 minuta
590 1083 855 1137 marginalia
904 1088 1095 1141 propria,
1147 1103 1337 1143 quorum
1388 1093 1431 1134 in
1483 1095 1602 1138 disco
1645 1099 1731 1140 sori

163 1153 435 1202 generantur
467 1151 644 1207 singuli,
681 1154 727 1195 in
761 1154 966 1210 plurimis
999 1160 1254 1213 speciebus;
1291 1163 1335 1204 in
1369 1164 1466 1206 aliis
1500 1182 1604 1209 vero
1629 1184 1731 1223 pau-

163 1218 225 1261 cis
273 1220 356 1275 ipsi
402 1223 626 1277 margines
662 1225 887 1268 frondium
922 1228 1198 1273 incremento
1233 1235 1443 1288 peculiari
1478 1238 1731 1283 adcrescere

164 1290 385 1343 videntur,
422 1293 536 1336 fiunt
569 1295 775 1339 undulati
809 1302 851 1340 et
883 1301 1011 1354 quasi
1046 1302 1091 1343 in
1125 1303 1324 1347 fimbrias
1349 1309 1615 1362 marginales
1639 1326 1731 1354 sen-

163 1362 245 1403 sim
280 1363 548 1412 secedentes,
593 1371 727 1421 atque
760 1369 807 1410 in
841 1372 1043 1426 margine
1077 1373 1138 1415 ita
1172 1380 1343 1418 mutato
1377 1379 1477 1429 sori,
1514 1381 1570 1423 ab
1604 1383 1730 1425 initio

162 1433 254 1475 fere
303 1434 504 1486 lineares,
555 1438 720 1480 sensim
766 1441 880 1482 fiunt
919 1444 1224 1495 semilunares,
1260 1447 1372 1490 lobis
1407 1449 1589 1494 demum
1624 1468 1727 1509 quo-

161 1518 249 1559 que
282 1507 471 1560 sparsim
506 1510 720 1564 separatis
752 1511 800 1553 in
833 1512 957 1556 lobos
990 1516 1243 1560 fructiferos
1277 1520 1516 1574 productis.
1580 1524 1730 1568 Placet

161 1575 325 1618 dixisse
357 1576 647 1622 intermedios
681 1586 821 1625 status
855 1584 1067 1628 obvenire
1102 1588 1217 1630 inter
1246 1592 1427 1645 species,
1454 1608 1554 1648 quae
1577 1610 1726 1640 sorum

159 1653 376 1701 generant
424 1651 718 1705 marginalem
766 1656 1098 1709 semilunarem,
1147 1664 1189 1702 et
1221 1661 1330 1704 alias
1363 1664 1408 1705 in
1443 1666 1607 1720 quibus
1641 1670 1729 1712 sori

160 1718 205 1759 in
252 1719 415 1775 phyllis
453 1722 640 1765 minutis
675 1726 864 1781 propriis
896 1735 1186 1783 generantum
1236 1735 1346 1788 quin
1381 1736 1519 1779 immo
1551 1739 1596 1780 in
1630 1740 1729 1795 ipsa

160 1789 314 1845 Specie
362 1792 594 1848 Europzea,
646 1796 813 1840 diutius
862 1801 1052 1855 cognita,
1098 1809 1340 1860 utrumque
1379 1807 1590 1852 obvenire
1624 1827 1722 1854 con-

159 1864 265 1910 stat;
316 1861 361 1903 in
410 1863 616 1918 plurimis
664 1867 761 1910 aliis
806 1870 959 1924 phylla
993 1873 1177 1915 sorifera
1210 1878 1390 1931 propria
1423 1880 1586 1935 saepius
1620 1883 1724 1933 vidi,

158 1936 201 1973 ct
248 1933 398 1987 quoad
444 1935 651 1987 formam,
702 1945 744 1981 et
791 1941 939 1995 quoad
990 1944 1125 1986 situm
1173 1946 1219 1987 in
1263 1947 1450 1992 diversis
1484 1950 1725 2007 Speciebus

158 2002 384 2059 paulisper
431 2005 625 2057 diversa;
676 2014 721 2051 at
769 2011 991 2066 ejusmodi
1041 2016 1371 2064 characteribus
1419 2022 1535 2077 (plus
1576 2026 1725 2068 minus

159 2074 397 2131 perductis)
447 2078 625 2133 Species
674 2080 872 2125 diversas
921 2085 1083 2140 {egrius
1132 2087 1458 2143 dignoscendas
1507 2094 1722 2143 dicerem2

158 2150 311 2200 utpote
345 2148 499 2203 phylla
531 2151 714 2194 sorifera
747 2159 789 2195 et
822 2169 902 2197 sua
935 2157 1081 2199 forma
1115 2173 1275 2214 parum
1311 2162 1498 2213 diversa,
1524 2172 1567 2208 et
1600 2168 1723 2210 uber-

159 2220 256 2265 tate„
308 2233 397 2273 quo
446 2223 724 2276 proveniant,
775 2225 858 2267 sub
907 2228 993 2270 alio
1042 2231 1308 2275 evolutionis
1357 2236 1499 2277 stadio
1548 2238 1724 2282 diversa

157 2287 413 2343 adpareant.

300 2360 588 2418 Quamquam
623 2366 759 2421 igitur
791 2369 1012 2423 ejusmodi
1046 2374 1376 2420 characteribus
1410 2380 1588 2435 Species
1612 2383 1722 2425 invi·

158 2444 251 2471 cem
287 2445 440 2475 revera
473 2435 651 2479 differre
686 2441 852 2493 putavi,
889 2447 1039 2485 tamen
1073 2446 1117 2486 in
1143 2446 1457 2501 dignoscendis
1482 2452 1721 2507 Speciebus

157 2501 376 2553 ejusmodi
426 2506 757 2553 characteribus
806 2512 1009 2557 insistere
1051 2516 1275 2568 dubitavi3
1311 2525 1508 2564 attamen
1543 2524 1721 2567 diversi·

157 2575 279 2620 tates,
331 2589 431 2629 qua}
480 2578 726 2630 observavi,
769 2585 1022 2628 afferendas
1062 2588 1211 2632 malui.
1277 2591 1395 2633 Dum
1430 2593 1567 2648 igitur
1598 2610 1720 2639 soros

159 2641 201 2681 in
238 2645 292 2684 N.
327 2647 508 2690 lacerato
541 2650 659 2693 intra
688 2654 913 2708 margines
938 2657 1120 2700 demum
1145 2660 1384 2704 undulatos
1408 2665 1569 2719 saepius
1591 2681 1719 2721 gone-

161 2719 286 2762 ratos,
339 2731 456 2760 nunc
506 2725 655 2764 tamen
694 2724 739 2765 in
780 2726 943 2781 phyllis
978 2730 1168 2785 propriis
1202 2732 1490 2776 obvenientes
1525 2737 1637 2786 vidi;
1674 2738 1720 2780 in

160 2783 213 2823 AV.
251 2785 425 2828 violacea
461 2805 562 2833 vero
596 2808 717 2837 soros
750 2801 800 2838 ut
833 2798 1078 2851 plurimum
1112 2802 1229 2844 intra
1261 2804 1414 2846 foliola
1440 2807 1568 2861 quasi
1592 2810 1717 2862 proli-

160 2853 359 2897 ticationc
408 2866 514 2908 orta,
564 2871 605 2905 et
654 2868 781 2920 quasi
830 2868 1093 2925 subsingula
1140 2888 1219 2928 per
1257 2889 1303 2917 sc
1344 2883 1636 2930 generantum
1671 2885 1715 2923 at
