1875 3116
72 72 455 126 Erythroylossmu.
696 72 1009 115 DELESSERIAE.
1550 76 1629 116 175

71 189 209 231 fuisse
257 194 365 245 puto
415 195 460 232 ut
508 190 799 233 suadentibus
844 191 1172 233 characteribus
1205 206 1258 234 ex
1292 192 1448 234 habitu
1481 192 1629 248 petitis

72 260 246 302 Genera
290 260 419 316 plura
461 262 535 303 vix
573 261 874 317 dignoscenda
908 263 1023 304 inter
1057 263 1234 318 Species
1267 263 1627 319 Nitophyllorum

73 345 311 385 agnoscere
360 333 619 387 persistunt;
670 333 776 374 dum
827 335 940 375 inter
978 334 1248 376 Delesserias
1281 334 1495 389 proprias,
1529 349 1629 394 neg-

75 401 196 443 lectis
244 403 573 445 characteribus
619 418 642 445 a
686 408 905 446 structura
938 404 1111 446 frondis
1145 410 1187 447 et
1219 405 1495 455 differentiis,
1530 420 1631 461 quae

73 472 116 513 in
164 473 365 528 partibus
410 474 652 516 fructiferis
692 489 845 517 revera
877 475 1030 518 adesse
1063 476 1319 531 adpareant,
1355 491 1416 518 eae
1449 478 1630 532 conjun-

73 548 235 598 gantur
259 544 436 600 Species
459 559 571 599 quas
594 545 895 587 habitualibus
920 547 1035 588 notis
1053 547 1304 589 conformes
1323 548 1629 591 observarunt.

215 615 528 658 Confitendum
573 616 755 671 quidem
802 617 1028 659 videretur
1072 618 1262 673 Species,
1309 633 1408 674 quae
1448 619 1631 661 suaden-

75 685 192 728 tibus
226 691 458 729 structurae
491 693 534 729 et
560 687 914 729 fructificationis
937 689 1265 731 characteribus
1288 690 1368 732 rite
1391 690 1634 745 perspectis

75 758 375 812 congenericae
421 757 670 807 videantur,
711 772 784 800 eas
817 773 995 813 quoque
1029 760 1357 803 characteribus
1390 776 1444 803 ex
1477 761 1632 803 habitu

75 827 275 870 deductis
318 830 479 885 saepius
525 830 624 885 plus
667 829 815 871 minus
853 831 1102 872 convenire.
1168 832 1259 873 Nec
1292 846 1396 874 vero
1431 832 1544 874 hanc
1577 832 1633 874 ob

77 913 255 941 eausam
291 901 554 942 concludere
587 900 716 942 licere
748 905 881 956 patet,
917 915 991 943 eas
1025 902 1192 957 species
1220 917 1330 957 quas
1354 903 1510 945 habitu
1534 904 1634 958 plus

76 972 224 1012 minus
258 977 553 1024 congruentes
586 972 738 1014 videas
779 986 958 1027 quoque
993 973 1323 1015 characteribus
1357 990 1382 1015 a
1414 979 1635 1016 structura

78 1047 118 1083 et
152 1042 301 1084 fructu
346 1043 495 1098 petitis
537 1057 713 1098 semper
745 1043 1001 1092 convenire;
1037 1044 1158 1086 velut
1191 1045 1296 1085 satis
1328 1050 1501 1087 constat
1533 1048 1634 1101 Spe-

76 1114 163 1155 cies
196 1113 500 1156 habitualibus
532 1114 648 1156 notis
682 1114 879 1156 diversas
912 1115 1268 1157 fructificationis
1306 1116 1635 1158 characteribus

80 1199 209 1239 posse
242 1185 491 1228 convenire.
560 1185 811 1240 Utrumque
845 1185 928 1227 hoc
962 1186 1172 1228 obvenire
1204 1187 1249 1227 in
1284 1187 1568 1229 Delesserieis
1591 1187 1636 1228 id

78 1256 189 1297 mihi
238 1256 370 1298 hodie
417 1270 523 1298 sane
571 1256 875 1298 confitendum
924 1256 1111 1298 videtur.
1183 1257 1404 1313 Neglectis
1452 1259 1636 1299 omnino

78 1324 353 1378 differentiis,
403 1342 504 1382 quae
551 1328 597 1369 in
645 1332 867 1369 structura
915 1329 1001 1370 sori
1040 1342 1194 1371 revera
1227 1329 1380 1371 adesse
1414 1329 1633 1379 videntur,

81 1397 364 1454 Stenoglossa
418 1413 597 1454 quoque
645 1405 695 1440 ut
746 1399 930 1443 Tribum
986 1400 1245 1442 Delesseriae
1299 1400 1484 1442 Generis
1531 1401 1636 1442 olim

71 1471 274 1512 assumsi.

223 1541 299 1583 Sin
345 1556 447 1584 vero
490 1542 623 1584 hodie
662 1548 834 1585 constat
866 1557 988 1585 soros
1020 1543 1065 1584 in
1099 1543 1308 1585 omnibus
1342 1544 1637 1600 Nitophylleis

76 1613 267 1668 propriis
300 1614 503 1668 generari
537 1614 776 1669 oppositos,
803 1620 1007 1656 externos
1031 1620 1074 1656 et
1095 1615 1141 1656 in
1165 1619 1402 1670 utramque
1427 1615 1636 1670 paginam

78 1683 368 1739 prominulos,
419 1690 552 1739 atque
600 1698 721 1726 soros
770 1685 989 1726 consimili
1034 1685 1168 1726 inodo
1201 1692 1434 1740 generatos
1466 1686 1510 1726 in
1547 1687 1637 1740 plu-

73 1757 196 1800 ribus
229 1757 360 1813 typis,
395 1771 507 1812 quos
540 1756 783 1798 hodiedum
819 1756 965 1798 saltim
1006 1757 1289 1799 Delesserieis
1323 1757 1637 1798 adnumeratas

75 1829 284 1871 novimus
337 1830 704 1884 (Phitywtopleora,
756 1830 1119 1883 Selm'zoylosszmz),
1170 1835 1213 1870 et
1256 1828 1309 1869 de
1343 1828 1410 1869 his
1444 1828 1637 1870 dubitari

80 1906 275 1954 nequeat
322 1915 416 1942 esse
465 1901 572 1942 alias
620 1900 964 1956 sphaerosporas,
1015 1914 1126 1955 quas
1166 1900 1210 1940 in
1251 1900 1360 1941 soris
1394 1898 1580 1953 singulis
1613 1913 1639 1940 a

76 1972 189 2013 facie
229 1971 334 2013 visis
379 1971 614 2014 observare
653 1971 801 2022 liceat;
852 1972 960 2013 alios
994 1986 1097 2013 vero
1131 1972 1317 2012 existere
1351 1970 1637 2012 Delesseriea-

79 2057 179 2084 rum
226 2047 367 2098 typos,
414 2043 457 2084 in
503 2043 666 2098 quibus
700 2044 785 2084 sori
819 2047 1090 2098 generantur
1122 2043 1353 2084 interiores
1386 2047 1427 2083 et
1460 2041 1637 2096 singuli,

78 2114 288 2169 utrinque
320 2114 482 2156 obtecti
516 2114 754 2169 paginibus
787 2114 894 2169 ipsis
928 2128 1015 2155 non
1051 2114 1370 2160 transmutatis,
1409 2113 1534 2167 quasi
1560 2117 1636 2154 ste-

78 2185 246 2233 rilibus,
295 2190 338 2226 et
369 2186 416 2226 in
449 2185 558 2226 soris
592 2185 674 2226 hoc
708 2185 840 2226 modo
873 2185 1077 2225 formatis
1111 2199 1204 2225 esse.
1238 2183 1413 2225 easdem
1451 2184 1637 2238 sphtero-

81 2270 247 2311 sporas,
298 2271 409 2311 quas
457 2257 502 2298 in
552 2261 788 2310 utramque
841 2257 1051 2311 paginam
1103 2256 1424 2297 translucentes
1473 2254 1636 2304 videas,

78 2327 255 2369 easdem
290 2341 394 2368 vero
426 2328 521 2382 (pro
554 2327 639 2367 situ
674 2327 870 2381 ipsarum
907 2327 1023 2368 intra
1055 2327 1220 2381 sorum)
1254 2339 1373 2367 nunc
1406 2325 1461 2366 ad
1486 2339 1636 2373 unam,

83 2412 203 2439 nunc
246 2397 301 2438 ad
335 2397 517 2438 alteram
558 2397 767 2451 paginam
804 2382 894 2438 fieri
929 2397 1132 2447 eniissas3
1181 2396 1393 2438 confiteor
1425 2396 1534 2437 mihi
1568 2396 1638 2437 ad-

86 2469 286 2525 paruisse
330 2468 412 2509 has
454 2467 728 2509 differentias
762 2468 913 2509 sistere
946 2468 1221 2509 characteres
1254 2468 1350 2522 ejus
1385 2466 1557 2516 valoris,
1592 2472 1641 2508 ut

86 2541 258 2582 Genera
294 2539 467 2595 propria
506 2538 660 2580 iisdem
699 2539 886 2580 fundata
918 2539 1137 2593 denegare
1170 2553 1258 2581 non
1286 2539 1509 2581 auderem.
1560 2539 1639 2581 Sin

78 2624 183 2652 vero
226 2611 309 2652 hoc
355 2611 607 2652 charactere
649 2610 941 2666 designantur
974 2611 1080 2665 typi,
1115 2611 1269 2664 quales
1303 2610 1639 2665 Hypoglossum

83 2687 125 2722 et
157 2675 537 2737 Apoglossumset
558 2695 658 2722 cuni
685 2681 752 2721 his
776 2681 1013 2722 convenire
1036 2681 1164 2723 video
1190 2682 1465 2735 Stenoylma,
1490 2680 1640 2735 qualia

82 2752 176 2794 haec
209 2753 314 2794 olim
349 2752 650 2801 denominavi,
686 2766 775 2792 non
811 2751 932 2806 pot-ui
967 2752 1074 2806 quin
1109 2752 1375 2793 affinitatem
1410 2751 1638 2806 quandam

85 2823 201 2864 inter
247 2823 328 2864 has
376 2836 672 2877 agnoscerem.
740 2822 1026 2876 (¹omparanti
1075 2836 1179 2864 vero
1228 2822 1335 2863 mihi
1377 2826 1506 2878 typos
1544 2822 1638 2874 hos,
