1875 3116
161 92 242 133 178
781 85 1098 127 DELESSERIAE.
1443 84 1719 126 Hemmewra.

158 214 256 251 tum
288 207 491 250 laterales
524 205 732 248 articulos
765 205 979 247 obovatos
1015 208 1280 259 generantes
1312 229 1369 234 —
1401 203 1586 245 demum
1619 203 1721 245 dila-

159 280 369 323 bentibus
411 277 614 334 partibus
657 276 925 332 adparenter
956 275 1168 318 nucleum
1202 275 1423 331 ejusmodi
1456 275 1722 317 constituen-

159 352 290 400 tibus,
341 350 522 405 qualem
569 348 837 404 plerumque
879 348 925 388 in
967 347 1252 389 Delesserieis
1289 346 1480 402 propriis
1513 346 1724 389 obvenire

158 422 365 464 dicerem.

304 493 436 535 Soros
473 492 778 541 Hemineurae,
812 505 839 532 a
870 490 983 531 facie
1017 490 1287 540 observatos,
1323 504 1404 535 sua
1436 489 1725 545 dispositione

161 565 304 620 magis
337 578 441 606 cum
474 562 746 619 Nitophyllis
780 576 915 617 quam
950 576 1053 603 cum
1087 562 1372 604 Delesserieis
1404 562 1595 617 propriis
1628 575 1725 602 con-

161 636 327 686 venire,
371 635 562 677 forsitan
607 635 785 677 cuidam
832 633 1071 676 videretur.
1137 633 1414 675 Structuram
1449 647 1554 676 vero
1586 632 1727 689 ipsius

162 709 262 758 sori,
297 708 332 749 si
366 711 686 762 comparantur
718 705 950 753 elementa,
985 704 1150 759 quibus
1177 705 1474 755 constituitur,
1499 704 1729 747 evidenter

162 794 234 821 me
280 779 431 834 judice
479 778 787 820 demonstrare
834 782 991 832 typum
1042 791 1135 818 esse
1175 776 1461 832 Hypoglossi,
1496 790 1577 818 nec
1610 776 1728 817 Nito-

163 850 317 907 pliylli,
362 850 406 891 id
449 849 584 891 hodie
626 862 783 904 urgere
817 847 1023 891 audeam.
1088 847 1208 889 Dum
1240 848 1453 889 nimirum
1489 848 1536 889 in
1569 846 1729 889 fronde

166 921 531 977 Nitophyllorum
581 921 667 962 sori
709 924 981 976 generantur
1021 920 1189 975 gemini
1223 920 1427 975 oppositi,
1463 919 1650 974 singulis
1683 919 1729 959 in

163 1008 290 1036 suam
339 993 551 1049 paginam
601 991 881 1047 prominulis,
931 996 974 1032 et
1022 991 1344 1047 spliaerosporae
1376 1005 1431 1033 ex
1463 991 1533 1033 his
1566 994 1732 1032 exeunt

165 1079 356 1120 quaeque
400 1064 456 1106 ad
501 1077 630 1106 suam
669 1063 881 1118 paginam
915 1063 1188 1117 pertinentes
1220 1088 1278 1093 —-
1310 1063 1436 1105 aliter
1468 1062 1651 1104 omnino
1685 1061 1733 1102 fit

164 1137 211 1178 in
262 1137 540 1185 Hemineura,
590 1135 720 1190 cujUs
761 1134 847 1176 sori
880 1134 996 1175 inter
1027 1134 1215 1190 paginas
1249 1134 1413 1189 singuli
1447 1138 1730 1189 generantur,

164 1212 210 1250 at
242 1206 565 1263 sphaerosporis
597 1204 1002 1247 maturescentibus
1030 1206 1074 1246 in
1100 1210 1337 1261 utramque
1360 1206 1570 1261 paginam
1597 1209 1732 1246 trans—

163 1279 430 1329 lucentibus,
465 1282 508 1320 at
541 1277 639 1319 aliis
670 1278 717 1319 in
747 1291 885 1318 unam
916 1277 1129 1332 paginam
1154 1277 1435 1328 exeuntibus,
1459 1277 1557 1319 aliis
1580 1276 1731 1332 ejectis

168 1351 355 1393 alteram
394 1364 551 1393 versus
595 1349 822 1404 paginam.
886 1348 967 1390 Est
998 1363 1154 1391 revera
1185 1349 1280 1391 haec
1313 1353 1535 1391 structura
1567 1348 1653 1389 sori
1686 1347 1731 1388 in

167 1422 448 1465 Hemineura
494 1421 665 1471 eadem,
711 1435 848 1476 quam
888 1420 1171 1475 Hypoglosso
1204 1425 1248 1462 et
1279 1420 1526 1476 Apoglosso
1559 1420 1732 1461 charac-

165 1494 408 1536 teristicam
443 1493 574 1535 bodie
607 1491 939 1547 agnoscendam
973 1495 1191 1547 putarem.

313 1564 466 1613 Quum
511 1564 649 1619 igitur
688 1563 969 1605 Hemineura
1001 1568 1044 1605 et
1075 1568 1242 1605 costam
1276 1564 1503 1620 propriam
1537 1566 1731 1618 generat,

169 1636 349 1691 qualem
399 1637 444 1677 in
494 1635 783 1691 symmetrica
828 1634 990 1676 fronde
1031 1635 1192 1676 solium
1231 1635 1608 1677 Delesseriearum
1642 1648 1733 1689 per-

168 1722 344 1750 currere
392 1708 615 1757 novimus,
665 1712 709 1749 et
754 1707 899 1762 ipsam
949 1711 1218 1748 structuram
1260 1707 1435 1749 frondis
1472 1721 1567 1748 eam
1604 1705 1733 1760 potis—

169 1780 334 1821 simum
380 1778 583 1820 {emulari
625 1778 806 1828 diceres,
841 1792 979 1832 quam
1011 1778 1058 1819 in
1092 1777 1351 1833 Apoglossis
1384 1777 1595 1820 obvenire
1627 1776 1733 1818 vidi-

169 1865 288 1901 mus;
314 1865 457 1905 quum
481 1850 760 1905 cystocarpia
788 1848 1079 1891 Hemineurae
1102 1854 1260 1905 typum
1285 1850 1445 1891 offerre
1469 1848 1572 1897 vidi,
1598 1862 1733 1903 quem

172 1922 445 1972 Delesseriis,
494 1936 577 1963 nec
619 1935 724 1963 vero
766 1920 1039 1976 Nitophyllis
1072 1921 1481 1963 characteristicum
1514 1924 1732 1975 putarem,

171 1998 215 2035 et
247 1993 443 2048 denique
477 2007 599 2034 soros
631 1992 741 2034 tales
774 1991 998 2042 obvenire,
1034 1992 1187 2046 quales
1221 1991 1517 2047 Hypoglossis
1550 1996 1593 2032 et
1622 1990 1733 2046 Apo-

171 2065 328 2120 glossis
352 2063 731 2105 characteristicos
755 2063 1060 2105 demonstrare
1084 2052 1269 2105 conatus
1293 2078 1405 2114 sum,
1431 2062 1564 2104 nullis
1588 2061 1735 2104 dubiis

171 2150 325 2179 revera
373 2149 530 2178 vacare
575 2139 778 2190 putarem
820 2133 1146 2176 Hemineurain
1181 2135 1302 2175 omni
1336 2138 1540 2189 respectu
1573 2133 1643 2174 his
1675 2132 1735 2174 ul-

171 2207 292 2248 timis
326 2206 577 2248 Generibus
609 2206 830 2248 affinitate
856 2205 1109 2261 proximam
1132 2205 1265 2247 hodie
1288 2205 1557 2247 considerari
1581 2218 1735 2260 oppor-

170 2283 281 2330 tere3
332 2278 454 2333 quod
501 2277 688 2319 ulterius
736 2277 914 2332 probari
959 2277 1150 2318 dicerem
1192 2278 1288 2332 ipso
1321 2277 1407 2318 situ
1442 2281 1484 2318 et
1515 2280 1735 2331 proventu

170 2350 576 2406 (lystocarpiorum,
626 2364 726 2404 qua}
774 2350 821 2390 in
869 2349 938 2391 his
986 2349 1196 2390 omnibus
1238 2349 1392 2390 formis
1425 2362 1560 2404 supra
1592 2351 1735 2389 costas

172 2421 424 2464 costulasve
456 2425 669 2476 generata
701 2421 795 2462 fieri
829 2425 1013 2462 constat.
1064 2420 1143 2462 Sin
1175 2434 1280 2462 vero
1313 2420 1413 2475 quis
1443 2423 1620 2474 urgeret
1640 2418 1736 2460 haec

174 2493 328 2534 omnia
369 2494 546 2534 Genera
586 2493 632 2533 in
671 2507 813 2534 unum
846 2491 1057 2546 idemque
1091 2490 1245 2533 Genus
1278 2505 1372 2533 esse
1404 2489 1733 2545 conjungenda,

175 2564 433 2605 meminisse
482 2563 627 2619 placet
670 2563 779 2605 alias
812 2577 908 2605 esse
941 2564 1055 2605 inter
1088 2562 1206 2604 dicta
1238 2563 1411 2604 Genera
1445 2560 1733 2610 differentias,

173 2650 297 2689 quas,
348 2650 626 2690 quamquam
674 2635 818 2689 magis
861 2634 1123 2683 habituales,
1159 2638 1309 2675 tamen
1342 2637 1472 2688 typos
1504 2632 1661 2674 habitu
1694 2637 1737 2673 et

175 2707 507 2748 imiiificatioiiis
554 2720 713 2748 norma
761 2711 828 2747 sat
874 2705 1113 2761 conspicue
1161 2704 1359 2748 diversos
1401 2704 1563 2745 referre
1600 2706 1734 2758 patet.

175 2778 216 2818 Si
267 2778 313 2818 in
364 2778 538 2820 Genere
587 2777 783 2833 quodam
831 2777 1004 2819 ambitu
1054 2775 1237 2826 enormi,
1277 2775 1408 2830 quale
1440 2774 1735 2817 Delesseriam

176 2847 366 2889 ‹in-erem
402 2849 713 2900 recentiorum,
749 2848 998 2890 habituales
1029 2852 1146 2889 notae
1167 2861 1327 2903 parum
1349 2847 1514 2888 referre
1535 2849 1733 2901 putares;
