1875 3116
107 77 402 120 &hiemem-a.
726 79 1042 123 DELESSERIAE.
1584 84 1656 123 161

137 196 175 237 3.
247 195 360 237 DEL.
398 211 591 238 smUOSA
633 198 751 241 Goocl
781 203 818 240 et
848 200 932 253 W.,·
965 200 1008 242 J.
1043 200 1124 255 Ay.
1159 201 1304 255 Εμόν.
1332 215 1379 255 1).
1414 204 1514 243 486.

133 292 173 330 4.
248 290 361 334 Dm.
399 306 699 334 eRAssmomA
736 294 874 346 Rupr.
898 295 996 348 Aly.
1026 295 1131 349 Oet.,·
1157 297 1200 338 J.
1226 297 1306 349 Ag).
1332 297 1478 350 Epic‘r.
1497 312 1542 350 1).
1566 299 1667 338 486.

136 385 174 425 ἵ).
248 384 359 427 DEL.
395 401 738 429 PHYLLOPHORA
778 389 821 430 J.
857 390 937 442 Ay.
972 390 1121 443 Rich-„-
1151 391 1297 445 Epicr.
1333 391 1357 432 l.
1393 406 1424 433 c.

392 503 470 526 ΜΨ
504 505 741 547 Frondium
776 508 923 559 ramis,
958 509 1083 561 quasi
1101 509 1488 564 prolificat‘e'om'lms
1510 525 1537 551 α
1559 514 1669 552 costa

504 578 800 630 emeryentz'bus
828 580 1048 632 yeneraz‘e's.

132 669 203 709 6.'?
244 669 357 711 DEL.
393 670 754 712 MIDDENDORFII
790 674 948 726 prr.,·
980 675 1024 716 J.
1058 675 1140 728 Ay.
1177 676 1321 729 Epicr.
1348 691 1394 729 p.
1429 680 1530 718 497.

243 753 352 786 Hanc
393 754 575 796 Speciem,
616 756 899 789 ramificationis
940 768 1071 791 norma
1111 759 1229 800 magis
1266 759 1548 802 Hypoglossum
1578 760 1667 792 refe

102 816 218 853 rente,
256 812 348 844 mihi
385 813 509 846 adhuc
542 814 664 855 quoad
694 815 899 848 affinitates
927 817 1131 850 admodum
1159 818 1310 850 dubiam
1341 819 1560 861 adparuisse
1586 829 1668 852 con-

102 871 220 912 fiteor,
261 871 399 913 ignotis
440 872 532 905 mihi
573 874 729 907 omnino
768 875 965 908 fructibus.
1017 876 1175 918 Organa,
1215 888 1297 918 quse
1337 878 1373 910 in
1412 878 1517 911 icone
1544 878 1669 921 pinxit

102 930 295 972 Ruprecht
322 931 406 975 (fi.(]·
435 931 487 974 d.)
516 933 764 976 sporophylla
791 934 924 967 sistere
952 936 1079 968 forsan
1107 936 1293 978 conjicere
1320 936 1457 974 liceret,
1486 940 1523 970 at
1549 937 1669 979 cujus-

101 1000 189 1022 nam
217 993 413 1024 structurae
440 991 527 1032 sint,
555 991 656 1025 haud
682 992 810 1034 liquet.

103 1142 291 1195 GENUS
334 1143 397 1194 Π.
459 1143 540 1195 De
581 1144 985 1197 SCHIZONEURA.
1045 1154 1147 1196 Gen.
1179 1169 1267 1196 nov.
1297 1154 1666 1197 Delessem'earum.

243 1263 345 1305 Jam
378 1264 423 1305 in
457 1264 649 1320 Epicrisi
684 1264 947 1320 Systematis
981 1265 1301 1316 Floridearum,
1326 1271 1375 1308 ut
1405 1266 1667 1308 Sub-Genus

102 1335 335 1390 proprium
385 1336 719 1386 constituentes,
771 1336 948 1392 Species
996 1337 1236 1379 nonnullas
1286 1338 1450 1380 Oceani
1494 1337 1666 1393 pacifici

101 1406 374 1452 enumeravi,
410 1420 522 1460 quas
555 1411 648 1447 tum
685 1407 845 1448 fronde
876 1421 988 1462 vage
1010 1407 1398 1464 laciniam—partita
1421 1413 1463 1450 et
1486 1412 1665 1457 costata,

100 1480 143 1517 at
192 1482 324 1518 costae
373 1477 509 1518 ramis
557 1491 669 1532 vage
715 1477 770 1518 ad
810 1477 995 1519 lacinias
1029 1479 1297 1534 principales
1330 1478 1667 1522 excurrentibus

99 1551 232 1602 atque
266 1561 443 1589 sursum
479 1548 850 1590 evanescentibus
883 1563 1105 1603 percursa,
1131 1550 1456 1605 dignoscendas
1489 1549 1665 1606 putavi;

99 1620 195 1658 tum
230 1617 388 1658 iisdem
427 1617 676 1659 habituales
710 1618 928 1673 quasdam
962 1619 1316 1661 fructificationis
1350 1625 1476 1662 notas
1509 1620 1666 1662 adscri-

101 1687 204 1730 bere
251 1702 386 1730 ausus
435 1703 548 1730 sum.
614 1688 772 1743 Neque
820 1703 874 1730 ex
924 1694 1145 1731 structura
1192 1691 1378 1741 frondis,
1428 1706 1573 1746 neque
1613 1706 1666 1733 ex

106 1758 437 1801 characteribus
471 1759 570 1809 sori,
606 1759 769 1813 quibus
803 1759 934 1801 hodie
956 1760 1000 1800 in
1027 1760 1267 1815 Speciebus
1292 1760 1664 1803 Delesseriearum

105 1829 396 1886 disponendis
445 1830 662 1885 majorem
712 1831 805 1873 vim
854 1830 1197 1873 adtribuendam
1248 1846 1341 1873 esse
1387 1831 1566 1881 credidi,
1616 1847 1666 1874 eo

103 1906 304 1956 tempore
351 1901 630 1943 characteres
679 1901 897 1956 quosdam
942 1901 1181 1944 Genericos
1214 1902 1442 1950 deducere,
1476 1903 1587 1944 mihi
1620 1904 1666 1945 in

100 1978 294 2014 mentem
343 1973 533 2023 venisse,
579 1972 712 2014 hodie
746 1972 1049 2014 confitendum
1083 1973 1272 2016 videtur.
1336 1974 1492 2028 Neque
1525 1974 1668 2029 dispo-

103 2043 309 2085 sitionem
346 2043 575 2098 quandam
610 2043 881 2099 Specierum,
916 2044 1097 2087 Naturae
1130 2045 1272 2099 magis
1305 2040 1664 2092 consentaneam,

103 2114 200 2155 aliis
234 2113 287 2156 de
321 2114 389 2155 his
423 2114 665 2170 Speciebus
699 2115 987 2170 scriptoribus
1020 2120 1234 2157 tentatam
1269 2116 1420 2165 fuisse,
1450 2116 1493 2156 in
1518 2129 1665 2157 meam

107 2185 462 2240 exculpationeni
498 2186 649 2227 forsan
684 2187 844 2228 afferre
876 2186 1008 2229 hodie
1041 2186 1201 2229 liceret.
1252 2187 1555 2242 Systematicis
1578 2201 1667 2228 om-

97 2255 230 2298 nibus
280 2260 455 2298 tantum
504 2257 549 2298 111
599 2258 716 2299 curis
762 2258 902 2299 fuisse
945 2258 1137 2300 dicerem
1172 2258 1440 2299 Delesserias
1473 2263 1515 2299 et
1548 2258 1666 2299 Nito-

103 2326 257 2382 phylla
305 2327 496 2369 invicem
549 2327 820 2383 dignoscere,
871 2329 989 2383 quod
1039 2344 1064 2370 a
1106 2330 1341 2384 praesentia
1380 2334 1457 2370 aut
1489 2329 1665 2370 defectu

102 2401 233 2439 costae
283 2398 376 2439 fere
424 2402 600 2439 tantum
649 2399 842 2453 pendere
888 2399 1190 2449 crediderunt;
1225 2404 1267 2441 et
1300 2399 1382 2440 hoc
1415 2400 1666 2442 charactere

103 2468 374 2518 insistentes,
417 2469 462 2509 in
511 2468 729 2524 plurimas
762 2470 870 2511 alias
904 2471 1192 2517 differentias,
1229 2484 1328 2525 quae
1361 2471 1513 2512 forsan
1547 2470 1666 2513 ades-

98 2544 207 2589 sent,
257 2539 485 2594 inquirere
533 2539 843 2595 neglexerunt.
908 2541 1016 2582 Mihi
1067 2556 1171 2583 vero
1220 2540 1350 2582 hodie
1395 2555 1574 2597 quoque
1612 2556 1665 2583 ex

104 2610 201 2651 aliis
235 2610 565 2652 characteribus
599 2611 651 2652 de
685 2612 903 2653 affinitate
946 2612 1320 2654 Delesseriearuni
1354 2612 1572 2667 judicanti
1605 2613 1666 2654 in-

107 2681 375 2735 quirendum
423 2681 643 2737 adparuit,
689 2696 805 2723 anne
838 2682 921 2723 hoc
954 2683 1047 2724 loco
1080 2688 1130 2724 ut
1162 2683 1271 2733 aliis,
1306 2683 1579 2738 ubicumque
1612 2684 1666 2726 de

108 2752 326 2794 affinitate
360 2752 663 2795 Floridearum
700 2753 856 2808 agitur,
892 2753 1221 2795 characteribus
1249 2758 1343 2795 tum
1369 2769 1422 2795 cx
1446 2759 1667 2797 structura

111 2823 295 2874 frondis,
315 2827 409 2864 tum
430 2837 482 2865 ex
502 2824 857 2865 fructificationis
880 2824 1027 2866 indole
1050 2825 1198 2879 petitis
1220 2825 1443 2882 praecipue
1464 2826 1667 2868 insistere

1467 2909 1509 2943 11
