1875 3116
172 112 191 150 1
200 110 255 151 82
593 92 597 95 ⁵
794 106 1108 148 DELESSERIAE.
1414 108 1734 163 Hypoylossum.

167 226 393 269 verticalia
425 239 542 280 saepe
575 225 668 266 fere
701 224 944 273 articulata,
981 226 1109 280 quasi
1142 225 1355 268 fasciculo
1379 226 1555 269 filorum
1579 241 1726 269 nema-

166 296 412 339 thecioideo
446 296 645 351 singulas
679 295 1011 351 sphaerosporas
1044 296 1390 338 circumdantia:
1439 298 1627 353 singulis
1660 298 1736 353 igi-

166 374 237 410 tur
270 367 511 423 paginibus
545 382 653 409 suus
686 367 814 422 quasi
849 367 1056 422 proprius
1090 372 1156 409 est
1188 382 1335 419 sorus;
1371 372 1416 410 at
1447 369 1615 424 gemini
1648 371 1735 412 sori

168 440 245 481 rite
294 438 485 494 oppositi
532 452 708 493 semper
751 437 1012 489 obveniunt,
1048 438 1140 481 sive
1174 439 1263 480 sint
1295 439 1521 481 rotundati
1554 445 1631 482 aut
1663 441 1734 482 ob-

165 511 300 567 longi,
350 515 428 553 aut
474 511 684 561 lineares3
730 509 823 553 sive
855 509 1100 553 obveniant
1130 511 1176 552 in
1210 510 1361 553 inedia
1392 515 1517 567 parte
1550 512 1732 562 frondis,

165 584 258 626 sive
306 583 445 624 lineas
495 581 762 637 marginales
810 582 1078 623 constituere
1127 582 1337 625 videntur
1370 597 1395 625 a
1427 583 1542 625 facie
1585 583 1727 625 obser-

164 654 275 705 vati3
311 654 421 709 quin
455 653 594 695 immo
628 653 675 694 in
709 652 950 708 Speciebus
983 653 1360 708 Nitophyllorum,
1396 668 1589 710 quarum
1613 655 1730 697 fron-

165 725 241 768 des
290 724 457 767 steriles
505 724 638 766 unico
687 727 822 766 strato
862 723 1124 766 cellularum
1166 728 1368 768 constare
1401 725 1622 774 videntur,
1660 740 1729 768 me

163 798 210 839 in
243 795 380 839 fertili
412 796 567 851 planta
601 809 723 837 soros
755 795 1016 838 observasse
1048 796 1252 851 geminos
1276 796 1514 852 oppositos,
1541 812 1732 852 quarum

164 868 364 924 singulos
396 868 444 909 in
476 881 605 909 suam
640 867 851 922 paginam
885 867 1165 922 prominulos
1200 867 1305 919 vidi,
1339 868 1424 910 hoc
1456 869 1550 911 loco
1583 869 1734 910 memi-

163 940 282 982 nisse
315 939 494 994 placuit.

307 1011 438 1053 Soros
486 1009 643 1052 eodem
691 1009 824 1052 inodo
861 1010 1065 1065 geminos
1098 1012 1326 1066 oppositos
1359 1037 1416 1042 —
1449 1011 1648 1067 singulos
1681 1012 1728 1054 in

165 1097 295 1125 suam
342 1081 556 1138 paginam
604 1081 883 1136 prominulos
917 1107 973 1112 —
1010 1097 1081 1124 ine
1129 1081 1388 1125 observasse
1436 1083 1483 1124 in
1531 1083 1733 1138 pluribus

162 1154 320 1196 formis
368 1153 602 1208 hucusque
649 1152 705 1194 ad
754 1152 1050 1195 Delesserieas
1099 1153 1248 1195 relatis
1290 1154 1351 1210 (in
1384 1153 1650 1205 Chauvinia,
1685 1155 1732 1197 in

163 1225 469 1280 Schizoglosso
517 1223 741 1280 aliisque);
792 1228 836 1265 et
882 1238 1004 1266 soros
1053 1239 1133 1267 suo
1174 1224 1307 1267 modo
1339 1225 1459 1267 infra
1494 1230 1731 1281 utramque

162 1297 374 1352 paginam
408 1299 642 1351 generatos
676 1295 830 1337 adesse
863 1296 909 1337 in
942 1295 1255 1351 Neuroglosso,
1304 1296 1351 1338 id
1384 1311 1439 1338 ex
1470 1297 1596 1339 icone
1630 1297 1733 1340 data

164 1368 395 1424 Kiitzingii
448 1368 602 1409 forsan
652 1367 747 1422 jain
800 1366 1028 1422 adpareat.
1095 1367 1217 1409 Inter
1264 1367 1372 1410 alias
1421 1368 1730 1419 Delesserieas,

162 1440 316 1495 quales
366 1439 445 1481 has
493 1438 627 1481 hodie
674 1438 988 1494 intelligendas
1038 1444 1255 1494 putarem,
1298 1453 1477 1495 quoque
1520 1440 1731 1483 obvenire

164 1512 332 1553 formas
366 1511 413 1552 in
446 1509 610 1566 quibus
644 1510 730 1552 sori
762 1514 1034 1565 generantur
1065 1510 1242 1566 singuli,
1294 1510 1339 1552 id
1372 1526 1442 1553 me
1473 1511 1623 1566 judice
1657 1512 1731 1554 du-

164 1582 291 1625 bitari
341 1582 508 1638 nequit.
573 1581 632 1624 Et
679 1581 901 1637 ejusmodi
949 1596 1071 1624 soros
1120 1582 1331 1625 obvenire
1373 1583 1420 1624 in
1453 1583 1509 1625 D.
1544 1583 1728 1633 sinuosa,

162 1668 297 1709 supra
349 1654 562 1709 paginam
617 1654 664 1695 in
718 1667 808 1708 qua
861 1653 1140 1708 proveniant,
1197 1654 1436 1709 conspicue
1484 1654 1730 1697 eminentes

160 1726 299 1780 (parte
342 1725 547 1780 opposita
588 1725 766 1780 paginae
805 1724 956 1780 sterili)
989 1724 1035 1766 id
1068 1739 1148 1780 pro
1181 1730 1299 1767 certo
1333 1726 1621 1767 statuendum
1654 1741 1730 1781 pu-

162 1797 274 1845 tavi;
324 1802 366 1839 et
406 1797 527 1838 hunc
565 1796 652 1838 sori
686 1796 969 1838 formationis
1003 1795 1189 1838 modum
1224 1796 1387 1839 Generi
1420 1797 1598 1852 proprio
1632 1797 1728 1839 clia-

162 1868 484 1909 racteristicum
517 1881 745 1909 assumere
778 1867 910 1909 hodie
943 1881 1079 1909 ausus
1113 1882 1226 1909 sum.

310 1938 425 1980 Sunt
468 1939 565 1980 aliae
607 1939 765 1980 formae
799 1938 1188 1989 Delesseriearum‚
1224 1940 1270 1980 in
1303 1939 1467 1995 quibus
1500 1954 1621 1982 soros
1654 1940 1730 1983 vix

162 2024 298 2065 supra
330 2023 455 2051 suam
492 2010 705 2064 paginam
740 2009 987 2051 eminentes
1020 2009 1240 2060 dicerem„
1263 2010 1340 2052 sed
1373 2012 1499 2066 quasi
1530 2012 1729 2067 singulos

162 2081 278 2123 inter
326 2085 563 2135 utramque
611 2081 825 2135 paginam
871 2081 1105 2122 immersos
1138 2107 1196 2111 —
1228 2082 1357 2136 quasi
1404 2082 1521 2124 intra
1565 2082 1729 2126 limites

162 2151 361 2207 (steriles)
410 2152 551 2206 ipsius
598 2151 769 2193 frondis
817 2157 1051 2207 generatos
1091 2151 1259 2194 diceres
1291 2179 1349 2183 —
1380 2153 1500 2209 ipsas
1539 2154 1727 2209 sphaero-

163 2237 316 2278 sporas
367 2223 494 2278 quasi
539 2223 656 2264 intra
694 2227 883 2264 stratum
916 2223 1110 2265 exterius
1144 2224 1220 2267 vix
1252 2229 1476 2266 mutatum
1509 2226 1726 2268 foventes.

162 2294 361 2336 Stratum
404 2294 598 2336 exterius
638 2293 812 2336 frondis
851 2295 898 2336 in
930 2295 1000 2336 his
1033 2295 1110 2337 vix
1144 2300 1365 2337 mutatum
1400 2295 1613 2346 dicerem3
1648 2296 1727 2338 col-

162 2364 262 2406 lulis
306 2365 490 2407 minutis
534 2380 650 2415 vero,
691 2366 811 2421 ipsas
844 2366 1176 2422 sphaerosporas
1208 2367 1554 2418 includentibus,
1590 2382 1726 2410 unam

163 2450 317 2477 versus
366 2436 580 2491 paginam
628 2437 809 2478 unicam
858 2437 1031 2489 seriem,
1079 2437 1266 2480 alteram
1312 2453 1467 2482 versus
1516 2439 1727 2494 paginam

164 2506 310 2561 plures
359 2507 620 2549 cellularum
670 2508 804 2550 series
853 2509 1156 2564 superpositas
1204 2510 1524 2561 formantibus3
1569 2516 1611 2552 et
1643 2511 1726 2552 hac

163 2577 352 2620 «lucente
401 2583 623 2620 structura
670 2593 896 2621 assumere
945 2594 1080 2622 ausus
1120 2595 1220 2622 sum
1253 2580 1362 2623 alias
1395 2581 1726 2637 sphaerosporas

164 2662 301 2690 unam
349 2664 504 2691 versus
552 2650 766 2705 paginam
815 2651 912 2706 (hoc
960 2651 1056 2693 loco
1106 2652 1369 2707 tenuiorem)
1417 2653 1579 2707 eJ'ectas
1618 2652 1724 2703 fieri,

162 2718 258 2759 aliis
306 2719 491 2761 alteram
540 2734 717 2771 versus;
768 2721 966 2776 singulas
1015 2736 1119 2764 vero
1167 2722 1498 2778 sphaerosporas
1536 2723 1598 2764 ita
1630 2737 1725 2765 esse

166 2789 373 2830 suffultas
407 2790 611 2844 pluribus
644 2791 813 2833 cellulis
847 2792 1090 2843 basalibus;
1125 2793 1415 2848 superpositis
1448 2798 1599 2835 autem
1622 2808 1724 2848 pau-

163 2859 366 2900 cioribus.
439 2861 768 2918 Sphz‘erosporis
823 2863 1031 2919 primitus
1084 2865 1288 2906 formatis
1341 2864 1507 2907 sensim
1560 2865 1722 2920 ejectis,
