<?xml version="1.0" encoding="UTF-8"?>
<!DOCTYPE html PUBLIC "-//W3C//DTD XHTML 1.0 Transitional//EN"
    "http://www.w3.org/TR/xhtml1/DTD/xhtml1-transitional.dtd">
<html xmlns="http://www.w3.org/1999/xhtml" xml:lang="en" lang="en">
 <head>
  <title>
</title>
<meta http-equiv="Content-Type" content="text/html;charset=utf-8" />
  <meta name='ocr-system' content='tesseract 3.04.00' />
  <meta name='ocr-capabilities' content='ocr_page ocr_carea ocr_par ocr_line ocrx_word'/>
</head>
<body>
  <div class='ocr_page' id='page_1' title='image "./speciesgeneraeto0303agar_0163.png"; bbox 0 0 1875 3116; ppageno 0'>
   <div class='ocr_carea' id='block_1_1' title="bbox 96 83 1650 126">
    <p class='ocr_par' dir='ltr' id='par_1_1' title="bbox 96 83 1650 126">
     <span class='ocr_line' id='line_1_1' title="bbox 96 83 1650 126; baseline -0.003 0"><span class='ocrx_word' id='word_1_1' title='bbox 96 83 347 126; x_wconf 71' lang='lat' dir='ltr'>Chaum‘m&#39;a.</span> <span class='ocrx_word' id='word_1_2' title='bbox 667 85 910 125; x_wconf 54' lang='lat' dir='ltr'>Borrmoci</span> <span class='ocrx_word' id='word_1_3' title='bbox 920 99 1059 126; x_wconf 79' lang='lat' dir='ltr'><strong>RPEAE..</strong></span> <span class='ocrx_word' id='word_1_4' title='bbox 1569 85 1650 124; x_wconf 73' lang='lat'>149</span> 
     </span>
    </p>
   </div>
   <div class='ocr_carea' id='block_1_2' title="bbox 86 201 1651 2397">
    <p class='ocr_par' dir='ltr' id='par_1_2' title="bbox 90 201 1651 456">
     <span class='ocr_line' id='line_1_2' title="bbox 91 201 1651 256; baseline 0 -13"><span class='ocrx_word' id='word_1_5' title='bbox 91 202 203 243; x_wconf 85' lang='lat' dir='ltr'>nites</span> <span class='ocrx_word' id='word_1_6' title='bbox 250 201 494 242; x_wconf 83' lang='lat' dir='ltr'>collectas».</span> <span class='ocrx_word' id='word_1_7' title='bbox 562 202 669 243; x_wconf 85' lang='lat' dir='ltr'>Mihi</span> <span class='ocrx_word' id='word_1_8' title='bbox 714 207 866 256; x_wconf 79' lang='lat' dir='ltr'>postea</span> <span class='ocrx_word' id='word_1_9' title='bbox 902 202 1120 256; x_wconf 74' lang='lat' dir='ltr'>Epicrisin</span> <span class='ocrx_word' id='word_1_10' title='bbox 1153 202 1362 243; x_wconf 74' lang='lat' dir='ltr'>scribenti</span> <span class='ocrx_word' id='word_1_11' title='bbox 1397 202 1552 244; x_wconf 83' lang='lat' dir='ltr'>Genus</span> <span class='ocrx_word' id='word_1_12' title='bbox 1588 202 1651 243; x_wconf 90' lang='lat' dir='ltr'>ita</span> 
     </span>
     <span class='ocr_line' id='line_1_3' title="bbox 90 272 1648 328; baseline 0.002 -17"><span class='ocrx_word' id='word_1_13' title='bbox 90 272 348 314; x_wconf 83' lang='lat' dir='ltr'>distinctum</span> <span class='ocrx_word' id='word_1_14' title='bbox 383 278 429 313; x_wconf 79' lang='lat' dir='ltr'>ut</span> <span class='ocrx_word' id='word_1_15' title='bbox 464 273 727 314; x_wconf 63' lang='lat' dir='ltr'>Sub-Genus</span> <span class='ocrx_word' id='word_1_16' title='bbox 757 273 987 328; x_wconf 82' lang='lat' dir='ltr'>proprium</span> <span class='ocrx_word' id='word_1_17' title='bbox 1011 274 1124 314; x_wconf 85' lang='lat' dir='ltr'>inter</span> <span class='ocrx_word' id='word_1_18' title='bbox 1147 287 1386 315; x_wconf 82' lang='lat' dir='ltr'>numerosa</span> <span class='ocrx_word' id='word_1_19' title='bbox 1408 273 1494 314; x_wconf 87' lang='lat' dir='ltr'>alia</span> <span class='ocrx_word' id='word_1_20' title='bbox 1516 287 1648 328; x_wconf 84' lang='lat' dir='ltr'>agno-</span> 
     </span>
     <span class='ocr_line' id='line_1_4' title="bbox 90 343 1647 398; baseline 0.001 -13"><span class='ocrx_word' id='word_1_21' title='bbox 90 343 240 392; x_wconf 88' lang='lat' dir='ltr'>scenti,</span> <span class='ocrx_word' id='word_1_22' title='bbox 290 348 437 384; x_wconf 84' lang='lat' dir='ltr'>tamen</span> <span class='ocrx_word' id='word_1_23' title='bbox 487 343 746 398; x_wconf 79' lang='lat' dir='ltr'>adparuisse</span> <span class='ocrx_word' id='word_1_24' title='bbox 788 345 877 386; x_wconf 80' lang='lat' dir='ltr'>Del.</span> <span class='ocrx_word' id='word_1_25' title='bbox 917 345 1103 387; x_wconf 62' lang='lat' dir='ltr'>Hoolceri</span> <span class='ocrx_word' id='word_1_26' title='bbox 1139 344 1193 386; x_wconf 83' lang='lat' dir='ltr'>ad</span> <span class='ocrx_word' id='word_1_27' title='bbox 1228 344 1348 386; x_wconf 82' lang='lat' dir='ltr'>aliud</span> <span class='ocrx_word' id='word_1_28' title='bbox 1384 344 1647 386; x_wconf 72' lang='lat' dir='ltr'>snb-Genus</span> 
     </span>
     <span class='ocr_line' id='line_1_5' title="bbox 92 414 801 456; baseline 0 -1"><span class='ocrx_word' id='word_1_29' title='bbox 92 414 347 456; x_wconf 77' lang='lat' dir='ltr'>Delesseriae</span> <span class='ocrx_word' id='word_1_30' title='bbox 380 428 474 455; x_wconf 88' lang='lat' dir='ltr'>esse</span> <span class='ocrx_word' id='word_1_31' title='bbox 508 414 801 456; x_wconf 76' lang='lat' dir='ltr'>referendam.</span> 
     </span>
    </p>

    <p class='ocr_par' dir='ltr' id='par_1_3' title="bbox 89 485 1650 754">
     <span class='ocr_line' id='line_1_6' title="bbox 232 485 1648 542; baseline 0.001 -16"><span class='ocrx_word' id='word_1_32' title='bbox 232 485 297 527; x_wconf 88' lang='lat' dir='ltr'>De</span> <span class='ocrx_word' id='word_1_33' title='bbox 329 485 658 527; x_wconf 63' lang='lat' dir='ltr'>characteribus</span> <span class='ocrx_word' id='word_1_34' title='bbox 697 486 959 528; x_wconf 59' lang='lat' dir='ltr'>‹5²l12211vi11iae</span> <span class='ocrx_word' id='word_1_35' title='bbox 993 487 1053 528; x_wconf 81' lang='lat' dir='ltr'>ita</span> <span class='ocrx_word' id='word_1_36' title='bbox 1085 486 1199 528; x_wconf 82' lang='lat' dir='ltr'>(latis</span> <span class='ocrx_word' id='word_1_37' title='bbox 1234 487 1352 528; x_wconf 84' lang='lat' dir='ltr'>haud</span> <span class='ocrx_word' id='word_1_38' title='bbox 1388 501 1530 542; x_wconf 65' lang='lat' dir='ltr'>[muca</span> <span class='ocrx_word' id='word_1_39' title='bbox 1562 487 1648 528; x_wconf 89' lang='lat' dir='ltr'>ani-</span> 
     </span>
     <span class='ocr_line' id='line_1_7' title="bbox 90 555 1649 613; baseline 0.001 -15"><span class='ocrx_word' id='word_1_40' title='bbox 90 555 411 598; x_wconf 74' lang='lat' dir='ltr'>madvertenda</span> <span class='ocrx_word' id='word_1_41' title='bbox 443 562 668 611; x_wconf 85' lang='lat' dir='ltr'>putarem:</span> <span class='ocrx_word' id='word_1_42' title='bbox 706 557 812 598; x_wconf 79' lang='lat' dir='ltr'>mihi</span> <span class='ocrx_word' id='word_1_43' title='bbox 848 557 1108 612; x_wconf 67' lang='lat' dir='ltr'>adparuisse</span> <span class='ocrx_word' id='word_1_44' title='bbox 1141 560 1353 600; x_wconf 70' lang='lat' dir='ltr'>confiteor</span> <span class='ocrx_word' id='word_1_45' title='bbox 1387 557 1518 600; x_wconf 79' lang='lat' dir='ltr'>hodie</span> <span class='ocrx_word' id='word_1_46' title='bbox 1546 572 1649 613; x_wconf 82' lang='grc'>11110-</span> 
     </span>
     <span class='ocr_line' id='line_1_8' title="bbox 89 627 1650 684; baseline 0.001 -15"><span class='ocrx_word' id='word_1_47' title='bbox 89 642 175 683; x_wconf 83' lang='lat' dir='ltr'>que</span> <span class='ocrx_word' id='word_1_48' title='bbox 224 627 276 669; x_wconf 86' lang='lat' dir='ltr'>de</span> <span class='ocrx_word' id='word_1_49' title='bbox 326 641 430 670; x_wconf 88' lang='lat' dir='ltr'>vera</span> <span class='ocrx_word' id='word_1_50' title='bbox 477 628 695 669; x_wconf 81' lang='lat' dir='ltr'>affinitate</span> <span class='ocrx_word' id='word_1_51' title='bbox 739 629 984 682; x_wconf 71' lang='lat' dir='ltr'>specierum</span> <span class='ocrx_word' id='word_1_52' title='bbox 1033 629 1170 684; x_wconf 82' lang='lat' dir='ltr'>hujus</span> <span class='ocrx_word' id='word_1_53' title='bbox 1203 629 1389 671; x_wconf 76' lang='lat' dir='ltr'>Generis</span> <span class='ocrx_word' id='word_1_54' title='bbox 1423 629 1650 671; x_wconf 80' lang='lat' dir='ltr'>difficilius</span> 
     </span>
     <span class='ocr_line' id='line_1_9' title="bbox 90 699 961 754; baseline 0 -14"><span class='ocrx_word' id='word_1_55' title='bbox 90 699 227 740; x_wconf 79' lang='lat' dir='ltr'>fuisse</span> <span class='ocrx_word' id='word_1_56' title='bbox 260 703 427 740; x_wconf 88' lang='lat' dir='ltr'>certam</span> <span class='ocrx_word' id='word_1_57' title='bbox 460 699 658 754; x_wconf 76' lang='lat' dir='ltr'>proferre</span> <span class='ocrx_word' id='word_1_58' title='bbox 691 699 961 753; x_wconf 78' lang='lat' dir='ltr'>opinionem.</span> 
     </span>
    </p>

    <p class='ocr_par' dir='ltr' id='par_1_4' title="bbox 87 769 1651 1325">
     <span class='ocr_line' id='line_1_10' title="bbox 231 769 1650 825; baseline 0 -14"><span class='ocrx_word' id='word_1_59' title='bbox 231 770 363 819; x_wconf 65' lang='lat' dir='ltr'>Quod</span> <span class='ocrx_word' id='word_1_60' title='bbox 397 770 574 825; x_wconf 77' lang='lat' dir='ltr'>Species</span> <span class='ocrx_word' id='word_1_61' title='bbox 608 769 870 811; x_wconf 74' lang='lat' dir='ltr'>Chauviniae</span> <span class='ocrx_word' id='word_1_62' title='bbox 904 771 995 811; x_wconf 88' lang='lat' dir='ltr'>suis</span> <span class='ocrx_word' id='word_1_63' title='bbox 1029 771 1144 812; x_wconf 89' lang='lat' dir='ltr'>notis</span> <span class='ocrx_word' id='word_1_64' title='bbox 1179 771 1480 812; x_wconf 87' lang='lat' dir='ltr'>habitualihus</span> <span class='ocrx_word' id='word_1_65' title='bbox 1504 770 1650 812; x_wconf 85' lang='lat' dir='ltr'>Deles-</span> 
     </span>
     <span class='ocr_line' id='line_1_11' title="bbox 89 841 1647 897; baseline -0.001 -14"><span class='ocrx_word' id='word_1_66' title='bbox 89 842 224 884; x_wconf 84' lang='lat' dir='ltr'>serias</span> <span class='ocrx_word' id='word_1_67' title='bbox 272 842 473 897; x_wconf 87' lang='lat' dir='ltr'>proprias</span> <span class='ocrx_word' id='word_1_68' title='bbox 523 841 729 890; x_wconf 67' lang='lat' dir='ltr'>referant,</span> <span class='ocrx_word' id='word_1_69' title='bbox 780 841 822 882; x_wconf 82' lang='grc'>111</span> <span class='ocrx_word' id='word_1_70' title='bbox 873 841 1017 896; x_wconf 82' lang='lat' dir='ltr'>primo</span> <span class='ocrx_word' id='word_1_71' title='bbox 1057 842 1221 883; x_wconf 86' lang='lat' dir='ltr'>intuitu</span> <span class='ocrx_word' id='word_1_72' title='bbox 1256 846 1323 883; x_wconf 78' lang='lat' dir='ltr'>sat-</span> <span class='ocrx_word' id='word_1_73' title='bbox 1355 842 1647 897; x_wconf 84' lang='lat' dir='ltr'>conspicuum</span> 
     </span>
     <span class='ocr_line' id='line_1_12' title="bbox 88 912 1651 968; baseline -0.001 -13"><span class='ocrx_word' id='word_1_74' title='bbox 88 913 290 968; x_wconf 84' lang='lat' dir='ltr'>adparet:</span> <span class='ocrx_word' id='word_1_75' title='bbox 326 912 529 954; x_wconf 76' lang='lat' dir='ltr'>frondem</span> <span class='ocrx_word' id='word_1_76' title='bbox 564 913 778 953; x_wconf 84' lang='lat' dir='ltr'>nimirum</span> <span class='ocrx_word' id='word_1_77' title='bbox 812 928 905 954; x_wconf 86' lang='lat' dir='ltr'>esse</span> <span class='ocrx_word' id='word_1_78' title='bbox 939 917 1168 962; x_wconf 60' lang='lat' dir='ltr'>eos-tatami,</span> <span class='ocrx_word' id='word_1_79' title='bbox 1197 913 1288 955; x_wconf 90' lang='lat' dir='ltr'>suis</span> <span class='ocrx_word' id='word_1_80' title='bbox 1321 913 1438 955; x_wconf 73' lang='lat' dir='ltr'>foliis</span> <span class='ocrx_word' id='word_1_81' title='bbox 1472 927 1498 954; x_wconf 89' lang='lat' dir='ltr'>a</span> <span class='ocrx_word' id='word_1_82' title='bbox 1530 916 1651 954; x_wconf 82' lang='lat' dir='ltr'>costa</span> 
     </span>
     <span class='ocr_line' id='line_1_13' title="bbox 90 983 1649 1040; baseline 0 -16"><span class='ocrx_word' id='word_1_83' title='bbox 90 984 452 1040; x_wconf 73' lang='lat' dir='ltr'>prolificantibus,</span> <span class='ocrx_word' id='word_1_84' title='bbox 488 989 620 1038; x_wconf 86' lang='lat' dir='ltr'>patet.</span> <span class='ocrx_word' id='word_1_85' title='bbox 701 983 795 1025; x_wconf 86' lang='lat' dir='ltr'>Hoc</span> <span class='ocrx_word' id='word_1_86' title='bbox 844 998 947 1026; x_wconf 78' lang='lat' dir='ltr'>vero</span> <span class='ocrx_word' id='word_1_87' title='bbox 998 989 1198 1039; x_wconf 87' lang='lat' dir='ltr'>respectu</span> <span class='ocrx_word' id='word_1_88' title='bbox 1249 984 1302 1025; x_wconf 88' lang='lat' dir='ltr'>de</span> <span class='ocrx_word' id='word_1_89' title='bbox 1354 985 1401 1026; x_wconf 93' lang='lat' dir='ltr'>D.</span> <span class='ocrx_word' id='word_1_90' title='bbox 1452 984 1649 1026; x_wconf 84' lang='lat' dir='ltr'>Hookeri</span> 
     </span>
     <span class='ocr_line' id='line_1_14' title="bbox 88 1054 1648 1110; baseline -0.001 -13"><span class='ocrx_word' id='word_1_91' title='bbox 88 1055 442 1098; x_wconf 83' lang='lat' dir='ltr'>animadvertere</span> <span class='ocrx_word' id='word_1_92' title='bbox 490 1055 634 1110; x_wconf 88' lang='lat' dir='ltr'>placet</span> <span class='ocrx_word' id='word_1_93' title='bbox 682 1069 751 1096; x_wconf 89' lang='grc'>1110</span> <span class='ocrx_word' id='word_1_94' title='bbox 799 1069 880 1096; x_wconf 90' lang='grc'>1100</span> <span class='ocrx_word' id='word_1_95' title='bbox 929 1055 1075 1109; x_wconf 83' lang='lat' dir='ltr'>quoad</span> <span class='ocrx_word' id='word_1_96' title='bbox 1115 1055 1278 1096; x_wconf 84' lang='lat' dir='ltr'>dictam</span> <span class='ocrx_word' id='word_1_97' title='bbox 1312 1054 1648 1097; x_wconf 81' lang='lat' dir='ltr'>ramilicationis</span> 
     </span>
     <span class='ocr_line' id='line_1_15' title="bbox 88 1126 1647 1182; baseline -0.001 -14"><span class='ocrx_word' id='word_1_98' title='bbox 88 1141 304 1176; x_wconf 68' lang='lat' dir='ltr'>normani,</span> <span class='ocrx_word' id='word_1_99' title='bbox 355 1127 471 1168; x_wconf 89' lang='lat' dir='ltr'>hanc</span> <span class='ocrx_word' id='word_1_100' title='bbox 519 1127 713 1182; x_wconf 86' lang='lat' dir='ltr'>speciem</span> <span class='ocrx_word' id='word_1_101' title='bbox 758 1140 860 1168; x_wconf 88' lang='lat' dir='ltr'>cum</span> <span class='ocrx_word' id='word_1_102' title='bbox 894 1126 990 1167; x_wconf 83' lang='lat' dir='ltr'>aliis</span> <span class='ocrx_word' id='word_1_103' title='bbox 1024 1131 1341 1181; x_wconf 77' lang='lat' dir='ltr'>congruentem</span> <span class='ocrx_word' id='word_1_104' title='bbox 1377 1126 1647 1175; x_wconf 79' lang='lat' dir='ltr'>observasse,</span> 
     </span>
     <span class='ocr_line' id='line_1_16' title="bbox 88 1197 1649 1254; baseline -0.001 -14"><span class='ocrx_word' id='word_1_105' title='bbox 88 1213 224 1254; x_wconf 81' lang='lat' dir='ltr'>quare</span> <span class='ocrx_word' id='word_1_106' title='bbox 272 1198 355 1240; x_wconf 97' lang='grc'>1100</span> <span class='ocrx_word' id='word_1_107' title='bbox 403 1197 498 1239; x_wconf 90' lang='grc'>1000</span> <span class='ocrx_word' id='word_1_108' title='bbox 546 1198 640 1239; x_wconf 77' lang='lat' dir='ltr'>fere</span> <span class='ocrx_word' id='word_1_109' title='bbox 687 1202 865 1239; x_wconf 85' lang='lat' dir='ltr'>tantum</span> <span class='ocrx_word' id='word_1_110' title='bbox 912 1197 969 1239; x_wconf 87' lang='lat' dir='ltr'>ad</span> <span class='ocrx_word' id='word_1_111' title='bbox 1017 1211 1068 1239; x_wconf 86' lang='lat' dir='ltr'>ea</span> <span class='ocrx_word' id='word_1_112' title='bbox 1107 1198 1268 1239; x_wconf 74' lang='lat' dir='ltr'>referre</span> <span class='ocrx_word' id='word_1_113' title='bbox 1301 1211 1413 1253; x_wconf 90' lang='lat' dir='ltr'>opus</span> <span class='ocrx_word' id='word_1_114' title='bbox 1447 1197 1513 1245; x_wconf 76' lang='lat' dir='ltr'>sit,</span> <span class='ocrx_word' id='word_1_115' title='bbox 1549 1211 1649 1252; x_wconf 82' lang='lat' dir='ltr'>quae</span> 
     </span>
     <span class='ocr_line' id='line_1_17' title="bbox 87 1267 879 1325; baseline -0.003 -13"><span class='ocrx_word' id='word_1_116' title='bbox 87 1270 173 1312; x_wconf 90' lang='lat' dir='ltr'>alio</span> <span class='ocrx_word' id='word_1_117' title='bbox 206 1270 300 1312; x_wconf 93' lang='grc'>1000</span> <span class='ocrx_word' id='word_1_118' title='bbox 334 1269 388 1311; x_wconf 88' lang='lat' dir='ltr'>de</span> <span class='ocrx_word' id='word_1_119' title='bbox 422 1269 503 1311; x_wconf 87' lang='lat' dir='ltr'>hac</span> <span class='ocrx_word' id='word_1_120' title='bbox 536 1269 681 1325; x_wconf 89' lang='lat' dir='ltr'>specie</span> <span class='ocrx_word' id='word_1_121' title='bbox 715 1269 806 1310; x_wconf 85' lang='lat' dir='ltr'>dixi</span> <span class='ocrx_word' id='word_1_122' title='bbox 829 1267 879 1324; x_wconf 64' lang='lat'>³⁵).</span> 
     </span>
    </p>

    <p class='ocr_par' dir='ltr' id='par_1_5' title="bbox 86 1340 1649 2255">
     <span class='ocr_line' id='line_1_18' title="bbox 229 1340 1646 1395; baseline 0 -13"><span class='ocrx_word' id='word_1_123' title='bbox 229 1342 507 1383; x_wconf 73' lang='lat' dir='ltr'>Structuram</span> <span class='ocrx_word' id='word_1_124' title='bbox 554 1340 677 1382; x_wconf 85' lang='lat' dir='ltr'>illam</span> <span class='ocrx_word' id='word_1_125' title='bbox 726 1340 898 1382; x_wconf 79' lang='lat' dir='ltr'>frondis</span> <span class='ocrx_word' id='word_1_126' title='bbox 948 1340 1230 1395; x_wconf 65' lang='lat' dir='ltr'>peculiarem,</span> <span class='ocrx_word' id='word_1_127' title='bbox 1286 1355 1423 1395; x_wconf 78' lang='lat' dir='ltr'>quain</span> <span class='ocrx_word' id='word_1_128' title='bbox 1472 1341 1646 1383; x_wconf 86' lang='lat' dir='ltr'>charae-</span> 
     </span>
     <span class='ocr_line' id='line_1_19' title="bbox 86 1412 1648 1468; baseline -0.001 -12"><span class='ocrx_word' id='word_1_129' title='bbox 86 1420 223 1456; x_wconf 86' lang='lat' dir='ltr'>terein</span> <span class='ocrx_word' id='word_1_130' title='bbox 272 1413 458 1455; x_wconf 83' lang='lat' dir='ltr'>Generis</span> <span class='ocrx_word' id='word_1_131' title='bbox 501 1413 731 1468; x_wconf 85' lang='lat' dir='ltr'>proprium</span> <span class='ocrx_word' id='word_1_132' title='bbox 772 1413 925 1454; x_wconf 79' lang='lat' dir='ltr'>sistere</span> <span class='ocrx_word' id='word_1_133' title='bbox 958 1412 1255 1454; x_wconf 82' lang='lat' dir='ltr'>consideravit</span> <span class='ocrx_word' id='word_1_134' title='bbox 1289 1412 1483 1467; x_wconf 75' lang='lat' dir='ltr'>Harvey,</span> <span class='ocrx_word' id='word_1_135' title='bbox 1518 1413 1563 1453; x_wconf 91' lang='lat' dir='ltr'>in</span> <span class='ocrx_word' id='word_1_136' title='bbox 1597 1426 1648 1454; x_wconf 90' lang='lat' dir='ltr'>eo</span> 
     </span>
     <span class='ocr_line' id='line_1_20' title="bbox 88 1483 1649 1541; baseline -0.001 -14"><span class='ocrx_word' id='word_1_137' title='bbox 88 1486 282 1541; x_wconf 85' lang='lat' dir='ltr'>positum</span> <span class='ocrx_word' id='word_1_138' title='bbox 325 1485 480 1539; x_wconf 87' lang='lat' dir='ltr'>putavi</span> <span class='ocrx_word' id='word_1_139' title='bbox 522 1484 642 1539; x_wconf 79' lang='lat' dir='ltr'>quod</span> <span class='ocrx_word' id='word_1_140' title='bbox 681 1484 861 1526; x_wconf 80' lang='lat' dir='ltr'>cellulas</span> <span class='ocrx_word' id='word_1_141' title='bbox 895 1485 1086 1539; x_wconf 82' lang='lat' dir='ltr'>majores</span> <span class='ocrx_word' id='word_1_142' title='bbox 1120 1483 1352 1538; x_wconf 73' lang='lat' dir='ltr'>polyedras</span> <span class='ocrx_word' id='word_1_143' title='bbox 1387 1487 1522 1525; x_wconf 88' lang='lat' dir='ltr'>strato</span> <span class='ocrx_word' id='word_1_144' title='bbox 1555 1498 1649 1539; x_wconf 88' lang='lat' dir='ltr'>pro-</span> 
     </span>
     <span class='ocr_line' id='line_1_21' title="bbox 87 1555 1648 1612; baseline 0.001 -16"><span class='ocrx_word' id='word_1_145' title='bbox 87 1557 182 1612; x_wconf 88' lang='lat' dir='ltr'>prio</span> <span class='ocrx_word' id='word_1_146' title='bbox 230 1556 491 1598; x_wconf 76' lang='lat' dir='ltr'>cellularum</span> <span class='ocrx_word' id='word_1_147' title='bbox 540 1556 764 1597; x_wconf 84' lang='lat' dir='ltr'>minorum</span> <span class='ocrx_word' id='word_1_148' title='bbox 810 1555 976 1597; x_wconf 88' lang='lat' dir='ltr'>cinctas</span> <span class='ocrx_word' id='word_1_149' title='bbox 1010 1555 1334 1597; x_wconf 76' lang='lat' dir='ltr'>observaverat.</span> <span class='ocrx_word' id='word_1_150' title='bbox 1402 1555 1511 1596; x_wconf 90' lang='lat' dir='ltr'>Mihi</span> <span class='ocrx_word' id='word_1_151' title='bbox 1543 1569 1648 1597; x_wconf 86' lang='lat' dir='ltr'>vero</span> 
     </span>
     <span class='ocr_line' id='line_1_22' title="bbox 86 1626 1648 1682; baseline 0 -13"><span class='ocrx_word' id='word_1_152' title='bbox 86 1628 361 1670; x_wconf 82' lang='lat' dir='ltr'>consimilem</span> <span class='ocrx_word' id='word_1_153' title='bbox 398 1627 625 1682; x_wconf 83' lang='lat' dir='ltr'>quandam</span> <span class='ocrx_word' id='word_1_154' title='bbox 660 1631 930 1669; x_wconf 87' lang='lat' dir='ltr'>structuram</span> <span class='ocrx_word' id='word_1_155' title='bbox 963 1628 1008 1668; x_wconf 91' lang='lat' dir='ltr'>in</span> <span class='ocrx_word' id='word_1_156' title='bbox 1042 1626 1163 1668; x_wconf 89' lang='lat' dir='ltr'>haud</span> <span class='ocrx_word' id='word_1_157' title='bbox 1188 1626 1339 1681; x_wconf 87' lang='lat' dir='ltr'>paucis</span> <span class='ocrx_word' id='word_1_158' title='bbox 1364 1626 1648 1669; x_wconf 84' lang='lat' dir='ltr'>Delesserieis</span> 
     </span>
     <span class='ocr_line' id='line_1_23' title="bbox 86 1697 1648 1753; baseline -0.001 -12"><span class='ocrx_word' id='word_1_159' title='bbox 86 1700 354 1746; x_wconf 79' lang='lat' dir='ltr'>observanti,</span> <span class='ocrx_word' id='word_1_160' title='bbox 396 1705 441 1740; x_wconf 89' lang='lat' dir='ltr'>at</span> <span class='ocrx_word' id='word_1_161' title='bbox 473 1699 518 1740; x_wconf 87' lang='lat' dir='ltr'>in</span> <span class='ocrx_word' id='word_1_162' title='bbox 554 1699 741 1741; x_wconf 82' lang='lat' dir='ltr'>diversis</span> <span class='ocrx_word' id='word_1_163' title='bbox 774 1713 929 1740; x_wconf 86' lang='lat' dir='ltr'>earum</span> <span class='ocrx_word' id='word_1_164' title='bbox 961 1699 1116 1740; x_wconf 75' lang='lat' dir='ltr'>formis</span> <span class='ocrx_word' id='word_1_165' title='bbox 1149 1699 1249 1753; x_wconf 89' lang='lat' dir='ltr'>plus</span> <span class='ocrx_word' id='word_1_166' title='bbox 1284 1698 1432 1739; x_wconf 85' lang='lat' dir='ltr'>minus</span> <span class='ocrx_word' id='word_1_167' title='bbox 1465 1697 1648 1753; x_wconf 87' lang='lat' dir='ltr'>perduc-</span> 
     </span>
     <span class='ocr_line' id='line_1_24' title="bbox 88 1769 1648 1825; baseline -0.001 -13"><span class='ocrx_word' id='word_1_168' title='bbox 88 1776 190 1819; x_wconf 73' lang='lat' dir='ltr'>tam,</span> <span class='ocrx_word' id='word_1_169' title='bbox 241 1785 296 1813; x_wconf 90' lang='lat' dir='ltr'>ne</span> <span class='ocrx_word' id='word_1_170' title='bbox 344 1770 487 1812; x_wconf 85' lang='lat' dir='ltr'>dican]</span> <span class='ocrx_word' id='word_1_171' title='bbox 529 1770 614 1812; x_wconf 88' lang='lat' dir='ltr'>alio</span> <span class='ocrx_word' id='word_1_172' title='bbox 648 1770 780 1811; x_wconf 80' lang='lat' dir='ltr'>inodo</span> <span class='ocrx_word' id='word_1_173' title='bbox 814 1770 1041 1825; x_wconf 83' lang='lat' dir='ltr'>paulisper</span> <span class='ocrx_word' id='word_1_174' title='bbox 1079 1769 1314 1819; x_wconf 83' lang='lat' dir='ltr'>diversam,</span> <span class='ocrx_word' id='word_1_175' title='bbox 1349 1769 1648 1811; x_wconf 82' lang='lat' dir='ltr'>consideranti</span> 
     </span>
     <span class='ocr_line' id='line_1_25' title="bbox 87 1840 1646 1897; baseline -0.001 -13"><span class='ocrx_word' id='word_1_176' title='bbox 87 1842 273 1884; x_wconf 84' lang='lat' dir='ltr'>dubium</span> <span class='ocrx_word' id='word_1_177' title='bbox 307 1842 383 1883; x_wconf 85' lang='lat' dir='ltr'>diu</span> <span class='ocrx_word' id='word_1_178' title='bbox 416 1841 676 1897; x_wconf 84' lang='lat' dir='ltr'>adparuisse</span> <span class='ocrx_word' id='word_1_179' title='bbox 710 1842 921 1884; x_wconf 81' lang='lat' dir='ltr'>confiteor</span> <span class='ocrx_word' id='word_1_180' title='bbox 954 1856 1010 1883; x_wconf 91' lang='lat' dir='ltr'>an</span> <span class='ocrx_word' id='word_1_181' title='bbox 1045 1840 1264 1896; x_wconf 83' lang='lat' dir='ltr'>ejusmodi</span> <span class='ocrx_word' id='word_1_182' title='bbox 1300 1840 1515 1883; x_wconf 87' lang='lat' dir='ltr'>suadente</span> <span class='ocrx_word' id='word_1_183' title='bbox 1549 1841 1646 1883; x_wconf 87' lang='lat' dir='ltr'>cha-</span> 
     </span>
     <span class='ocr_line' id='line_1_26' title="bbox 87 1912 1648 1969; baseline -0.001 -14"><span class='ocrx_word' id='word_1_184' title='bbox 87 1918 252 1956; x_wconf 89' lang='lat' dir='ltr'>ractere</span> <span class='ocrx_word' id='word_1_185' title='bbox 286 1914 438 1955; x_wconf 83' lang='lat' dir='ltr'>Genus</span> <span class='ocrx_word' id='word_1_186' title='bbox 472 1913 701 1969; x_wconf 86' lang='lat' dir='ltr'>proprium</span> <span class='ocrx_word' id='word_1_187' title='bbox 736 1913 967 1955; x_wconf 87' lang='lat' dir='ltr'>instituere</span> <span class='ocrx_word' id='word_1_188' title='bbox 995 1916 1267 1968; x_wconf 80' lang='lat' dir='ltr'>opporteret3</span> <span class='ocrx_word' id='word_1_189' title='bbox 1293 1917 1335 1953; x_wconf 84' lang='lat' dir='ltr'>et</span> <span class='ocrx_word' id='word_1_190' title='bbox 1358 1912 1442 1954; x_wconf 89' lang='lat' dir='ltr'>hoc</span> <span class='ocrx_word' id='word_1_191' title='bbox 1464 1912 1648 1967; x_wconf 86' lang='lat' dir='ltr'>quidem</span> 
     </span>
     <span class='ocr_line' id='line_1_27' title="bbox 86 1983 1647 2040; baseline -0.001 -14"><span class='ocrx_word' id='word_1_192' title='bbox 86 2000 136 2027; x_wconf 91' lang='lat' dir='ltr'>eo</span> <span class='ocrx_word' id='word_1_193' title='bbox 186 1985 353 2040; x_wconf 79' lang='lat' dir='ltr'>majore</span> <span class='ocrx_word' id='word_1_194' title='bbox 398 1985 509 2040; x_wconf 67' lang='lat' dir='ltr'>jure,</span> <span class='ocrx_word' id='word_1_195' title='bbox 560 1999 702 2040; x_wconf 83' lang='lat' dir='ltr'>quum</span> <span class='ocrx_word' id='word_1_196' title='bbox 750 1985 877 2026; x_wconf 84' lang='lat' dir='ltr'>illum</span> <span class='ocrx_word' id='word_1_197' title='bbox 915 1984 1099 2026; x_wconf 85' lang='lat' dir='ltr'>allatuin</span> <span class='ocrx_word' id='word_1_198' title='bbox 1133 1984 1433 2026; x_wconf 83' lang='lat' dir='ltr'>characterem</span> <span class='ocrx_word' id='word_1_199' title='bbox 1466 1983 1512 2025; x_wconf 89' lang='lat' dir='ltr'>in</span> <span class='ocrx_word' id='word_1_200' title='bbox 1545 1983 1647 2039; x_wconf 83' lang='lat' dir='ltr'>Spe-</span> 
     </span>
     <span class='ocr_line' id='line_1_28' title="bbox 86 2055 1647 2111; baseline 0 -14"><span class='ocrx_word' id='word_1_201' title='bbox 86 2056 249 2105; x_wconf 74' lang='lat' dir='ltr'>oiebus,</span> <span class='ocrx_word' id='word_1_202' title='bbox 299 2070 409 2111; x_wconf 89' lang='lat' dir='ltr'>quas</span> <span class='ocrx_word' id='word_1_203' title='bbox 458 2056 620 2098; x_wconf 84' lang='lat' dir='ltr'>Generi</span> <span class='ocrx_word' id='word_1_204' title='bbox 670 2056 932 2098; x_wconf 80' lang='lat' dir='ltr'>Chauviniae</span> <span class='ocrx_word' id='word_1_205' title='bbox 980 2055 1293 2098; x_wconf 80' lang='lat' dir='ltr'>adnumeravit</span> <span class='ocrx_word' id='word_1_206' title='bbox 1337 2055 1529 2110; x_wconf 80' lang='lat' dir='ltr'>Harvey,</span> <span class='ocrx_word' id='word_1_207' title='bbox 1563 2055 1647 2097; x_wconf 90' lang='lat' dir='ltr'>hoc</span> 
     </span>
     <span class='ocr_line' id='line_1_29' title="bbox 88 2125 1645 2183; baseline 0 -15"><span class='ocrx_word' id='word_1_208' title='bbox 88 2128 181 2183; x_wconf 84' lang='lat' dir='ltr'>ipso</span> <span class='ocrx_word' id='word_1_209' title='bbox 215 2127 465 2169; x_wconf 83' lang='lat' dir='ltr'>charactere</span> <span class='ocrx_word' id='word_1_210' title='bbox 498 2127 691 2170; x_wconf 85' lang='lat' dir='ltr'>invicem</span> <span class='ocrx_word' id='word_1_211' title='bbox 725 2132 793 2169; x_wconf 90' lang='lat' dir='ltr'>sat</span> <span class='ocrx_word' id='word_1_212' title='bbox 826 2128 1023 2170; x_wconf 80' lang='lat' dir='ltr'>diversas</span> <span class='ocrx_word' id='word_1_213' title='bbox 1056 2127 1290 2169; x_wconf 86' lang='lat' dir='ltr'>observare</span> <span class='ocrx_word' id='word_1_214' title='bbox 1314 2126 1493 2168; x_wconf 86' lang='lat' dir='ltr'>credidi.</span> <span class='ocrx_word' id='word_1_215' title='bbox 1545 2125 1645 2175; x_wconf 74' lang='lat' dir='ltr'>Quo</span> 
     </span>
     <span class='ocr_line' id='line_1_30' title="bbox 86 2199 941 2255; baseline 0 -15"><span class='ocrx_word' id='word_1_216' title='bbox 86 2204 288 2254; x_wconf 85' lang='lat' dir='ltr'>respectu</span> <span class='ocrx_word' id='word_1_217' title='bbox 321 2199 554 2254; x_wconf 87' lang='lat' dir='ltr'>sequentia</span> <span class='ocrx_word' id='word_1_218' title='bbox 586 2199 746 2241; x_wconf 81' lang='lat' dir='ltr'>afferre</span> <span class='ocrx_word' id='word_1_219' title='bbox 781 2200 941 2255; x_wconf 88' lang='lat' dir='ltr'>placet:</span> 
     </span>
    </p>

    <p class='ocr_par' dir='ltr' id='par_1_6' title="bbox 86 2268 1646 2397">
     <span class='ocr_line' id='line_1_31' title="bbox 229 2268 1646 2325; baseline 0 -14"><span class='ocrx_word' id='word_1_220' title='bbox 229 2270 279 2311; x_wconf 89' lang='lat' dir='ltr'>In</span> <span class='ocrx_word' id='word_1_221' title='bbox 313 2270 405 2312; x_wconf 78' lang='lat' dir='ltr'>Del.</span> <span class='ocrx_word' id='word_1_222' title='bbox 431 2270 645 2325; x_wconf 67' lang='lat' dir='ltr'>corizfolia</span> <span class='ocrx_word' id='word_1_223' title='bbox 668 2275 937 2312; x_wconf 57' lang='lat' dir='ltr'>structurai‘n</span> <span class='ocrx_word' id='word_1_224' title='bbox 960 2270 1212 2312; x_wconf 82' lang='lat' dir='ltr'>observanti</span> <span class='ocrx_word' id='word_1_225' title='bbox 1238 2269 1361 2317; x_wconf 83' lang='grc'>1111111,</span> <span class='ocrx_word' id='word_1_226' title='bbox 1387 2268 1646 2324; x_wconf 84' lang='lat' dir='ltr'>adparuisse</span> 
     </span>
     <span class='ocr_line' id='line_1_32' title="bbox 86 2340 1645 2397; baseline 0 -15"><span class='ocrx_word' id='word_1_227' title='bbox 86 2342 298 2383; x_wconf 81' lang='lat' dir='ltr'>confiteor</span> <span class='ocrx_word' id='word_1_228' title='bbox 344 2341 460 2382; x_wconf 86' lang='lat' dir='ltr'>hanc</span> <span class='ocrx_word' id='word_1_229' title='bbox 508 2346 666 2397; x_wconf 84' lang='lat' dir='ltr'>typum</span> <span class='ocrx_word' id='word_1_230' title='bbox 715 2342 891 2386; x_wconf 78' lang='lat' dir='ltr'>referre.</span> <span class='ocrx_word' id='word_1_231' title='bbox 936 2356 1069 2396; x_wconf 82' lang='lat' dir='ltr'>quem</span> <span class='ocrx_word' id='word_1_232' title='bbox 1108 2341 1153 2381; x_wconf 91' lang='lat' dir='ltr'>in</span> <span class='ocrx_word' id='word_1_233' title='bbox 1189 2341 1487 2395; x_wconf 74' lang='lat' dir='ltr'>Botryocarpa</span> <span class='ocrx_word' id='word_1_234' title='bbox 1519 2340 1645 2395; x_wconf 88' lang='lat' dir='ltr'>quasi</span> 
     </span>
    </p>
   </div>
   <div class='ocr_carea' id='block_1_3' title="bbox 85 2496 1646 2899">
    <p class='ocr_par' dir='ltr' id='par_1_7' title="bbox 85 2496 1646 2899">
     <span class='ocr_line' id='line_1_33' title="bbox 230 2496 1644 2541; baseline -0.001 -12"><span class='ocrx_word' id='word_1_235' title='bbox 230 2497 262 2538; x_wconf 69' lang='lat'>³³²)</span> <span class='ocrx_word' id='word_1_236' title='bbox 288 2498 484 2540; x_wconf 63' lang='lat' dir='ltr'>Speciinen</span> <span class='ocrx_word' id='word_1_237' title='bbox 522 2496 568 2531; x_wconf 93' lang='lat' dir='ltr'>D.</span> <span class='ocrx_word' id='word_1_238' title='bbox 598 2497 769 2536; x_wconf 44' lang='lat' dir='ltr'>Hookere}</span> <span class='ocrx_word' id='word_1_239' title='bbox 802 2497 1045 2541; x_wconf 73' lang='lat' dir='ltr'>cystocarpiis</span> <span class='ocrx_word' id='word_1_240' title='bbox 1075 2497 1142 2529; x_wconf 84' lang='lat' dir='ltr'>rite</span> <span class='ocrx_word' id='word_1_241' title='bbox 1170 2496 1405 2529; x_wconf 74' lang='lat' dir='ltr'>fructiferum</span> <span class='ocrx_word' id='word_1_242' title='bbox 1432 2496 1644 2537; x_wconf 81' lang='lat' dir='ltr'>observare,</span> 
     </span>
     <span class='ocr_line' id='line_1_34' title="bbox 88 2555 1646 2600; baseline -0.002 -10"><span class='ocrx_word' id='word_1_243' title='bbox 88 2558 178 2591; x_wconf 88' lang='grc'>1111111</span> <span class='ocrx_word' id='word_1_244' title='bbox 207 2558 375 2590; x_wconf 77' lang='lat' dir='ltr'>nonduin</span> <span class='ocrx_word' id='word_1_245' title='bbox 402 2558 605 2597; x_wconf 60' lang='lat' dir='ltr'>contigisse</span> <span class='ocrx_word' id='word_1_246' title='bbox 631 2558 804 2600; x_wconf 83' lang='lat' dir='ltr'>equidem</span> <span class='ocrx_word' id='word_1_247' title='bbox 838 2558 961 2590; x_wconf 79' lang='lat' dir='ltr'>doleo:</span> <span class='ocrx_word' id='word_1_248' title='bbox 1003 2560 1118 2589; x_wconf 76' lang='lat' dir='ltr'>totam</span> <span class='ocrx_word' id='word_1_249' title='bbox 1149 2567 1235 2588; x_wconf 79' lang='lat' dir='ltr'>vero</span> <span class='ocrx_word' id='word_1_250' title='bbox 1264 2555 1523 2598; x_wconf 78' lang='lat' dir='ltr'>adparentiani</span> <span class='ocrx_word' id='word_1_251' title='bbox 1550 2555 1646 2588; x_wconf 75' lang='lat' dir='ltr'>fron-</span> 
     </span>
     <span class='ocr_line' id='line_1_35' title="bbox 86 2614 1645 2660; baseline 0 -12"><span class='ocrx_word' id='word_1_252' title='bbox 86 2617 143 2650; x_wconf 79' lang='lat' dir='ltr'>dis</span> <span class='ocrx_word' id='word_1_253' title='bbox 171 2617 207 2650; x_wconf 90' lang='lat' dir='ltr'>in</span> <span class='ocrx_word' id='word_1_254' title='bbox 237 2618 340 2659; x_wconf 66' lang='lat' dir='ltr'>Spee.</span> <span class='ocrx_word' id='word_1_255' title='bbox 368 2627 389 2649; x_wconf 88' lang='lat' dir='ltr'>a</span> <span class='ocrx_word' id='word_1_256' title='bbox 416 2628 475 2649; x_wconf 87' lang='grc'>1110</span> <span class='ocrx_word' id='word_1_257' title='bbox 501 2617 700 2651; x_wconf 78' lang='lat' dir='ltr'>observato</span> <span class='ocrx_word' id='word_1_258' title='bbox 722 2638 762 2640; x_wconf 31' lang='grc' dir='ltr'>ἡ</span> <span class='ocrx_word' id='word_1_259' title='bbox 783 2618 1006 2660; x_wconf 64' lang='lat' dir='ltr'>:ulpawnter</span> <span class='ocrx_word' id='word_1_260' title='bbox 1032 2615 1276 2658; x_wconf 58' lang='lat' dir='ltr'>cystosearpiis</span> <span class='ocrx_word' id='word_1_261' title='bbox 1305 2615 1498 2655; x_wconf 72' lang='lat' dir='ltr'>instructo,</span> <span class='ocrx_word' id='word_1_262' title='bbox 1524 2614 1645 2657; x_wconf 82' lang='lat' dir='ltr'>ipsam</span> 
     </span>
     <span class='ocr_line' id='line_1_36' title="bbox 86 2674 1646 2719; baseline -0.001 -10"><span class='ocrx_word' id='word_1_263' title='bbox 86 2680 228 2710; x_wconf 80' lang='lat' dir='ltr'>costam</span> <span class='ocrx_word' id='word_1_264' title='bbox 268 2687 351 2709; x_wconf 81' lang='lat' dir='ltr'>cuin</span> <span class='ocrx_word' id='word_1_265' title='bbox 391 2676 469 2709; x_wconf 77' lang='lat' dir='ltr'>suis</span> <span class='ocrx_word' id='word_1_266' title='bbox 506 2676 619 2709; x_wconf 83' lang='lat' dir='ltr'>ramis</span> <span class='ocrx_word' id='word_1_267' title='bbox 646 2677 842 2719; x_wconf 79' lang='lat' dir='ltr'>oppositis,</span> <span class='ocrx_word' id='word_1_268' title='bbox 871 2680 905 2709; x_wconf 77' lang='lat' dir='ltr'>et</span> <span class='ocrx_word' id='word_1_269' title='bbox 934 2675 1086 2708; x_wconf 77' lang='lat' dir='ltr'>niodum</span> <span class='ocrx_word' id='word_1_270' title='bbox 1116 2674 1307 2717; x_wconf 86' lang='lat' dir='ltr'>proprium</span> <span class='ocrx_word' id='word_1_271' title='bbox 1335 2685 1409 2716; x_wconf 84' lang='lat' dir='ltr'>quo</span> <span class='ocrx_word' id='word_1_272' title='bbox 1437 2678 1580 2708; x_wconf 79' lang='lat' dir='ltr'>costam</span> <span class='ocrx_word' id='word_1_273' title='bbox 1608 2675 1646 2708; x_wconf 89' lang='lat' dir='ltr'>in</span> 
     </span>
     <span class='ocr_line' id='line_1_37' title="bbox 89 2734 1645 2777; baseline -0.001 -9"><span class='ocrx_word' id='word_1_274' title='bbox 89 2737 157 2769; x_wconf 83' lang='lat' dir='ltr'>hac</span> <span class='ocrx_word' id='word_1_275' title='bbox 194 2735 319 2777; x_wconf 76' lang='lat' dir='ltr'>specie</span> <span class='ocrx_word' id='word_1_276' title='bbox 358 2735 443 2767; x_wconf 85' lang='lat' dir='ltr'>oriri</span> <span class='ocrx_word' id='word_1_277' title='bbox 484 2736 624 2777; x_wconf 81' lang='lat' dir='ltr'>putavi,</span> <span class='ocrx_word' id='word_1_278' title='bbox 664 2747 709 2769; x_wconf 83' lang='lat' dir='ltr'>ne</span> <span class='ocrx_word' id='word_1_279' title='bbox 745 2736 866 2769; x_wconf 79' lang='lat' dir='ltr'>dicam</span> <span class='ocrx_word' id='word_1_280' title='bbox 896 2735 1014 2777; x_wconf 64' lang='lat' dir='ltr'>ipsam</span> <span class='ocrx_word' id='word_1_281' title='bbox 1044 2734 1326 2767; x_wconf 68' lang='lat' dir='ltr'>ramifivationis</span> <span class='ocrx_word' id='word_1_282' title='bbox 1353 2744 1535 2773; x_wconf 82' lang='lat' dir='ltr'>normam,</span> <span class='ocrx_word' id='word_1_283' title='bbox 1564 2734 1645 2767; x_wconf 81' lang='lat' dir='ltr'>laci-</span> 
     </span>
     <span class='ocr_line' id='line_1_38' title="bbox 87 2793 1646 2839; baseline 0 -12"><span class='ocrx_word' id='word_1_284' title='bbox 87 2795 159 2828; x_wconf 87' lang='lat' dir='ltr'>niis</span> <span class='ocrx_word' id='word_1_285' title='bbox 197 2794 302 2836; x_wconf 79' lang='lat' dir='ltr'>quasi</span> <span class='ocrx_word' id='word_1_286' title='bbox 342 2795 483 2827; x_wconf 82' lang='lat' dir='ltr'>sensim</span> <span class='ocrx_word' id='word_1_287' title='bbox 522 2796 705 2838; x_wconf 83' lang='lat' dir='ltr'>separatis</span> <span class='ocrx_word' id='word_1_288' title='bbox 744 2800 874 2833; x_wconf 78' lang='lat' dir='ltr'>ortam,</span> <span class='ocrx_word' id='word_1_289' title='bbox 915 2794 1005 2826; x_wconf 78' lang='lat' dir='ltr'>alias</span> <span class='ocrx_word' id='word_1_290' title='bbox 1045 2793 1199 2827; x_wconf 83' lang='grc'>0111111110</span> <span class='ocrx_word' id='word_1_291' title='bbox 1239 2793 1442 2827; x_wconf 75' lang='lat' dir='ltr'>affinitates</span> <span class='ocrx_word' id='word_1_292' title='bbox 1479 2794 1646 2839; x_wconf 83' lang='lat' dir='ltr'>prodere,</span> 
     </span>
     <span class='ocr_line' id='line_1_39' title="bbox 85 2853 952 2899; baseline 0 -12"><span class='ocrx_word' id='word_1_293' title='bbox 85 2853 179 2888; x_wconf 84' lang='lat' dir='ltr'>mihi</span> <span class='ocrx_word' id='word_1_294' title='bbox 203 2854 306 2888; x_wconf 88' lang='lat' dir='ltr'>haud</span> <span class='ocrx_word' id='word_1_295' title='bbox 331 2853 490 2888; x_wconf 85' lang='lat' dir='ltr'>dubium</span> <span class='ocrx_word' id='word_1_296' title='bbox 515 2855 735 2899; x_wconf 66' lang='lat' dir='ltr'>adparuisse</span> <span class='ocrx_word' id='word_1_297' title='bbox 761 2855 952 2889; x_wconf 75' lang='lat' dir='ltr'>confiteor.</span> 
     </span>
    </p>
   </div>
  </div>
 </body>
</html>
