1875 3116
189 87 213 127 :2
224 87 277 127 14
846 81 1025 121 Pwmn
1034 95 1101 122 [Ε.
1436 79 1752 133 Paraylossmn.

189 205 269 246 rite
302 204 592 257 interpretata
624 200 733 242 alias
766 200 1007 242 affinitates
1041 197 1233 255 prodens
1266 189 1403 253 quam
1430 213 1530 254 quae
1553 214 1608 240 ex
1630 198 1752 240 habi-

189 274 385 317 tualibus
417 273 534 315 notis
567 271 928 314 concludendum
961 271 1198 314 videretur.

333 345 592 387 Meminisse
625 344 769 400 placet
802 344 1065 399 Harveyum
1097 344 1144 385 in
1183 342 1486 398 Gryptoyamia
1518 342 1755 385 antarctica

188 418 384 459 formam
432 417 663 473 quandam
708 416 863 458 oceani
908 415 1115 457 australis
1146 415 1209 457 ita
1241 429 1345 457 cum
1378 413 1540 456 arctica
1574 414 1627 456 D.
1662 427 1754 456 san-

187 490 344 544 guinea
376 494 697 545 congruentem
731 488 1048 532 considerasse.
1086 491 1133 528 ut
1165 486 1354 529 eandem
1388 486 1540 527 sistere
1563 485 1755 526 formam

190 561 420 616 quandam
454 561 721 615 Ianczfolzssam
755 559 925 615 Speciei
953 559 1144 609 arcticae3
1170 558 1355 599 alteram
1380 556 1594 612 Speciem,
1620 570 1756 611 quam

189 638 365 688 egomet
417 633 473 675 ad
526 632 715 675 eandem
770 632 1013 673 sectionem
1061 630 1247 672 Generis
1296 630 1437 679 retuli,
1490 628 1753 684 Harveyum

189 705 493 747 considerasse
550 705 604 746 D.
656 703 908 758 Rusczsfolessce
964 702 1232 744 constituere
1282 702 1472 743 formam
1523 699 1753 755 quandam

190 776 443 819 australem.
508 776 578 817 Ex
611 775 743 817 modo
777 789 865 830 quo
898 774 993 830 ipse
1026 774 1106 815 has
1141 773 1331 828 Species,
1367 787 1393 814 a
1417 772 1601 826 Harvey
1624 771 1755 826 longe

190 848 316 890 aliter
359 848 684 903 interpretatae,
728 846 772 887 in
809 860 946 887 unam
979 845 1259 900 eandemque
1293 844 1534 886 sectionem
1568 843 1754 884 Generis

191 919 432 969 retulerim,
482 919 636 960 forsan
684 918 910 973 quispiam
958 915 1243 959 concluderet
1286 915 1531 957 admodum
1569 915 1758 957 incertas

191 990 402 1039 obvenire
450 989 610 1031 debere
655 989 900 1044 opiniones,
937 1001 1039 1042 quae
1073 991 1115 1029 et
1148 986 1202 1029 de
1235 986 1467 1028 identitate
1501 990 1544 1028 et
1576 985 1629 1027 de
1663 986 1755 1027 affi-

191 1062 329 1103 nitate
379 1061 637 1116 Specierum
687 1059 980 1115 promulgatae
1022 1058 1277 1100 obveniant.
1345 1057 1454 1098 Mihi
1487 1061 1637 1099 autem
1671 1057 1757 1112 opi-

191 1135 347 1176 niones
394 1133 456 1175 ita
502 1132 701 1175 diversas
749 1144 929 1186 quoque
967 1130 1166 1172 indicare
1212 1129 1417 1179 dicerem,
1454 1143 1591 1184 qnam
1625 1129 1754 1171 facile

191 1205 468 1261 decipiamur
515 1205 562 1245 in
610 1202 903 1245 affinitatibus
952 1201 1259 1243 Floridearum
1303 1200 1620 1256 dijudicandis,
1655 1201 1754 1242 insi-

192 1281 356 1319 stentes
398 1274 729 1317 characteribus
775 1288 828 1316 ex
866 1272 1171 1315 habitualibus
1205 1272 1507 1327 congruentiis
1541 1271 1754 1314 deductis.

190 1347 468 1390 ‚Iamdudum
516 1346 625 1388 mihi
659 1345 842 1401 quidem
876 1344 1084 1400 adparuit
1116 1344 1271 1386 Deless.
1306 1344 1583 1397 sanguineam
1616 1344 1754 1385 neuti-

193 1434 330 1475 quam
369 1417 721 1474 congenericam,
770 1417 882 1472 quin
920 1416 1059 1458 immo
1092 1430 1174 1458 nec
1206 1415 1261 1457 ad
1296 1415 1485 1457 eandem
1519 1415 1759 1457 sectionem

192 1490 502 1533 Floridearum
550 1489 783 1545 pertinere,
833 1488 902 1544 ad-
938 1502 1075 1543 quam
1124 1488 1330 1543 plurimae
1377 1487 1475 1529 aliae
1524 1487 1584 1529 sic
1631 1486 1759 1528 dictae

192 1561 450 1605 Delesseriae
499 1561 676 1616 Species
724 1559 1005 1602 referrendas
1055 1559 1223 1615 putavi.
1291 1559 1346 1600 Et
1394 1558 1525 1600 hodie
1573 1557 1757 1613 quidem

192 1634 279 1676 alia
311 1646 553 1675 numerosa
584 1631 710 1674 attuli
736 1630 942 1686 exempla
962 1630 1012 1687 ³³),
1038 1630 1202 1686 quibus
1226 1629 1405 1691 probari
1428 1630 1595 1686 putavi,
1621 1643 1758 1685 qnam

194 1704 326 1747 facile
369 1704 648 1759 decipiamur
691 1717 745 1744 ex
783 1702 1085 1757 congruentiis
1118 1701 1422 1744 habitualibus
1456 1702 1509 1744 de
1542 1701 1761 1743 affinitate

196 1776 455 1832 Specierum
493 1774 758 1830 judicantes.
823 1774 915 1816 Nec
954 1788 1009 1816 ex
1052 1777 1276 1816 structura
1308 1773 1480 1815 frondis
1513 1773 1674 1815 certius
1708 1773 1761 1815 de

194 1847 410 1889 affinitate
459 1846 838 1888 Delesseriearum
887 1844 1177 1901 quarundum
1213 1845 1435 1900 judicium
1468 1846 1584 1887 ferre
1616 1844 1759 1894 licere,

195 1918 326 1961 hodie
359 1918 566 1960 lubenter
597 1916 859 1967 concedam;
906 1921 1103 1959 attamen
1135 1916 1212 1958 ubi
1246 1916 1455 1958 deficiant
1487 1917 1761 1958 characteres

194 2005 220 2031 a
267 1990 469 2045 partibus
517 1987 873 2030 fructificationis
923 1988 1061 2042 petiti,
1106 1988 1554 2042 ipsam·structuram
1590 1988 1761 2030 frondis

193 2065 321 2103 notas
369 2060 578 2115 praebere,
629 2059 793 2114 quibus
842 2059 1064 2101 tutissime
1103 2058 1156 2100 de
1190 2059 1409 2101 affinitate
1441 2059 1679 2114 judicatur,
1714 2059 1759 2101 id

195 2146 285 2174 non
334 2145 516 2187 possum
557 2130 666 2186 quin
713 2144 935 2172 moneam.
1000 2130 1169 2186 lgnotis
1202 2130 1338 2185 igitur
1370 2130 1482 2171 mihi
1516 2130 1756 2172 hodiedum

194 2203 397 2259 partibus
430 2202 670 2244 fructiferis
702 2202 997 2243 PARAGLOSSI
1027 2202 1226 2249 Generis,
1253 2202 1517 2257 neutiquam
1540 2216 1620 2257 pro
1643 2206 1760 2244 certo

196 2279 388 2317 statuere
428 2273 655 2321 auderem,
695 2272 749 2315 de
783 2273 1001 2315 affinitate
1036 2273 1307 2328 Specierum,
1343 2288 1454 2328 quas
1488 2273 1761 2328 Paraglossis

196 2345 337 2396 retuli,
387 2350 553 2387 certam
601 2344 861 2399 opinionem
910 2345 1110 2399 proferre
1152 2344 1303 2395 licere;
1339 2349 1537 2386 attamen
1570 2345 1762 2386 rationes

199 2417 359 2459 afferre
407 2416 586 2471 placuit,
637 2415 800 2470 quibus
849 2415 1114 2458 ducentibus
1153 2415 1306 2458 Genus
1340 2416 1587 2470 Paraglossi
1621 2420 1663 2458 et
1695 2416 1763 2457 sui

195 2488 307 2543 juris
341 2487 507 2542 putavi,
555 2491 598 2528 ct
630 2486 904 2542 quibusnam
939 2486 1036 2529 aliis
1070 2487 1224 2529 formis
1258 2487 1340 2529 hoc
1374 2487 1526 2528 Genus
1559 2486 1760 2542 adproxi-

196 2559 309 2600 mari
341 2557 578 2600 videretur.

342 2676 373 2719 ἳνΓ)
398 2679 501 2711 Inter
527 2678 714 2719 ejusmodi
742 2679 917 2721 exempla
942 2678 1053 2712 aliam
1081 2679 1248 2721 plantam
1270 2679 1464 2711 nominare
1484 2678 1629 2716 vellem,
1650 2688 1762 2720 qnam

198 2748 266 2769 sno
306 2737 437 2769 habitu
479 2737 597 2779 magis
638 2737 761 2770 adhuc
799 2737 990 2771 borealem
1028 2737 1109 2771 Dec.
1136 2737 1373 2782 sauym'neam
1411 2738 1549 2770 referre
1587 2737 1761 2778 dicerem,

198 2806 313 2837 supra
350 2796 421 2829 sub
460 2795 613 2829 nomine
651 2794 698 2829 D.
728 2795 949 2840 Laurifolioe
975 2797 1213 2840 descriptam,
1243 2796 1438 2838 affinitate,
1467 2797 1496 2829 si
1525 2796 1613 2838 quid
1642 2795 1760 2831 video.

201 2851 248 2885 D.
280 2853 513 2899 cg›.aeo·cifole·ae
540 2855 762 2897 proximam.
