1875 3116
207 69 291 110 206
829 65 1145 108 DELESSERIAE.
1363 66 1768 121 Araclmophyllum.

205 186 400 242 p1·aebere
448 186 648 235 eximios,
700 185 863 240 quibus
906 200 977 227 me
1013 185 1163 241 judice
1196 185 1242 226 in
1275 185 1493 228 affinitate
1524 185 1768 240 judicanda

203 272 382 313 quoque
431 258 634 300 insistere
682 262 948 314 opporteret,
999 257 1110 299 mihi
1159 257 1343 299 demum
1381 257 1767 301 evidentissimum

203 329 463 384 adparuisse
502 329 726 376 confiteor,
762 328 963 384 plantam
997 329 1102 371 olim
1137 344 1162 371 a
1195 343 1266 371 me
1301 329 1383 371 sub
1418 329 1597 372 nomine
1630 330 1766 371 Deles-

201 401 321 443 serioe
352 401 584 443 similantis
616 400 885 455 descriptam
921 401 1072 442 sistere
1106 401 1260 442 (olenus
1293 400 1376 442 sibi
1400 401 1646 456 proprium,
1672 415 1768 443 evo-

200 472 381 514 lutionis
427 472 560 513 modo
604 472 1017 527 sphaerosporarum
1060 486 1197 527 quam
1236 472 1568 515 evidentissime
1601 487 1626 514 a
1659 477 1766 528 typo

198 544 340 599 ipsius
375 544 632 586 Delesseriae
666 543 852 585 Generis
886 543 1127 586 diversum.

343 615 530 657 Generis
583 615 832 658 Haliem'dis
887 615 1089 671 Speciem
1142 616 1323 657 unicam
1378 615 1486 656 mihi
1542 615 1765 670 cognitam

198 687 342 729 habeo
382 691 645 742 sequentem
660 702 666 728 :

231 810 266 849 1.
338 807 394 848 Η.
432 822 652 849 SIMILANs
702 807 881 859 (Deles-5.
916 806 1111 849 similans
1157 807 1200 849 J.
1236 807 1316 861 Ay.
1358 807 1484 849 Bq‘dr.
1521 808 1615 861 Ala.
1654 808 1764 862 Syst.

339 883 376 920 et
423 879 571 932 Epier.
598 894 643 932 p.
680 881 792 931 485³,-
841 877 895 919 D.
933 878 1100 933 Lyalliz'
1152 879 1283 920 Ham).
1325 879 1418 933 Azy.
1455 883 1583 920 austr.
1620 880 1763 922 emico.

339 965 410 992 wo
442 952 532 992 271
566 954 604 991 et
635 950 763 1003 Phye.
790 954 919 992 ausfr.
952 950 1052 1003 Sem
1087 965 1153 991 2250
1188 952 1281 992 ,978¹
1314 950 1477 1005 (quoad
1511 950 1765 1005 Specimina

338 1021 477 1063 Novae
512 1021 779 1076 Hollandize)
812 1035 894 1063 nec
932 1021 1070 1075 Grypt.
1106 1026 1284 1064 amaret.

197 1188 384 1240 GENUS
426 1187 550 1239 ΧΓ.)
610 1187 689 1239 De
729 1188 997 1239 affinitate
1026 1189 1503 1240 ARACHNOPHYLLI
1532 1189 1761 1241 Generis

809 1272 1144 1339 conjectura.

337 1405 594 1447 Meminisse
643 1404 788 1460 placet
832 1405 925 1460 jam
975 1409 1078 1447 ante
1126 1419 1268 1447 annos
1310 1405 1580 1461 descriptum
1620 1406 1760 1447 fuisse

194 1475 347 1518 Genus
402 1476 828 1526 ARACHNOPHYLLI,
885 1481 1108 1518 structura
1161 1491 1241 1518 sua
1289 1477 1500 1532 peculiari
1547 1476 1759 1519 facillime

191 1547 561 1602 dignoscendum,
612 1553 655 1590 et
702 1549 811 1603 quin
852 1548 992 1589 immo
1025 1548 1382 1591 fructificationis
1416 1548 1563 1590 indole
1596 1549 1656 1591 ita
1690 1564 1757 1604 pe—

189 1620 343 1661 culiari
377 1620 661 1670 instructum,
699 1625 746 1662 ut
778 1620 927 1675 potius
959 1619 1247 1662 abludentem
1286 1619 1514 1675 quandam
1548 1621 1754 1671 formam,

189 1691 317 1746 quasi
366 1696 629 1747 paupertate
679 1696 989 1741 monstrosam,
1040 1706 1178 1746 quam
1228 1692 1380 1734 Genus
1414 1692 1479 1734 sui
1513 1692 1626 1747 juris
1658 1706 1756 1734 con-

188 1763 475 1806 siderandum
525 1769 718 1820 putares.
792 1764 909 1805 Dum
959 1764 1176 1813 nonnulli,
1226 1768 1269 1805 et
1316 1764 1425 1819 quin
1474 1765 1612 1805 immo
1660 1764 1755 1819 ipse

187 1834 355 1876 Auctor
388 1836 587 1885 Generis,
623 1836 824 1892 plantam
858 1836 1052 1891 typicam
1084 1836 1344 1878 Delesseriis
1367 1836 1617 1890 proximam
1641 1835 1753 1890 judi-

186 1911 356 1957 carunt,
391 1908 500 1949 alios
533 1908 684 1955 fuisse,
720 1912 763 1948 et
794 1908 910 1949 inter
943 1921 1016 1949 eos
1050 1908 1367 1961 memetipsum
1401 1908 1555 1957 fateor,
1590 1906 1753 1962 quibus

188 1976 341 2019 Genus
387 1978 619 2033 proprium
654 1978 926 2033 Nitophyllis
961 1978 1230 2032 proximum,
1265 1977 1595 2033 disponendum
1631 1982 1753 2032 puta-

186 2053 302 2090 runt.
368 2048 645 2091 Describenti
696 2048 806 2090 mihi
855 2049 986 2090 hodie
1035 2063 1198 2090 novam
1249 2048 1626 2090 Delesscriearum
1668 2049 1752 2090 for-

186 2134 320 2169 mam,
372 2120 527 2162 habitu
577 2125 620 2162 et
666 2119 996 2161 characteribus
1047 2119 1214 2160 frondis
1264 2118 1509 2175 Nitophylli
1549 2119 1749 2174 Speciem

185 2192 465 2246 potissimum
514 2192 795 2239 referentem,
839 2205 975 2246 quam
1019 2206 1120 2233 vero
1155 2198 1311 2246 typum
1347 2191 1499 2232 sistere
1535 2192 1636 2233 novi
1672 2191 1750 2233 Gre-

184 2264 301 2305 neris
352 2263 633 2305 considerare
681 2278 818 2305 ausus
866 2278 979 2311 sum,
1029 2262 1349 2318 inpuirendum
1394 2262 1602 2317 adparuit
1633 2277 1751 2304 anne

183 2335 278 2376 haec
327 2336 487 2385 forma,
537 2349 673 2390 quam
724 2335 827 2377 novi
876 2334 1062 2376 Generis
1101 2333 1372 2388 (Calloseris)
1406 2340 1564 2388 typum
1598 2334 1750 2376 sistere

181 2406 393 2461 judicavi,
440 2407 531 2448 suis
569 2406 900 2448 characteribus
934 2407 1086 2447 forsan
1120 2405 1333 2446 indicaret
1368 2405 1621 2453 affinitates,
1657 2406 1748 2461 qui-

182 2478 265 2519 hus
315 2477 582 2520 (lucentibus
631 2493 811 2533 quoque
854 2478 907 2519 de
950 2477 1169 2519 affinitate
1203 2476 1553 2532 Arachnophylli
1587 2477 1748 2519 certius

184 2550 334 2590 forsan
369 2549 568 2604 judicare
601 2550 761 2591 liceret.

327 2620 433 2661 Mihi
477 2635 579 2663 vero
628 2621 748 2662 hunc
782 2620 826 2661 in
862 2621 997 2662 linem
1031 2620 1110 2661 has
1144 2620 1318 2675 plantas
1351 2620 1628 2674 comparanti
1662 2634 1745 2660 me-

182 2691 365 2732 minisse
408 2692 639 2747 opportuit
677 2691 981 2733 habitualibus
1013 2691 1099 2732 illis
1132 2691 1460 2733 characteribus
1495 2716 1548 2720 ——
1582 2690 1745 2744 quibus

184 2761 449 2803 <lucentibus
482 2763 747 2804 affinitatem
783 2763 1010 2818 quandam
1045 2763 1161 2804 inter
1198 2762 1440 2829 Coglloserim
1467 2766 1509 2804 et
1530 2762 1743 2803 Arachno-

176 2832 372 2886 p'laeyllam
395 2833 549 2875 adesse
572 2835 723 2875 forsan
747 2833 925 2876 cuidam
949 2834 1198 2875 suboluisse
1221 2833 1522 2888 suspicaretur
1545 2857 1599 2861 --
1624 2831 1743 2872 haud
