1875 3116
202 82 257 123 98
798 79 1161 122 NITOPHYLLEAE.
1458 82 1763 138 Nitophyllum.

201 201 239 233 in
267 200 517 243 Sporophylla
544 198 761 241 mutantur).
814 200 882 232 Est
907 199 988 232 haec
1015 199 1317 233 characteristica
1343 201 1475 242 forma,
1502 212 1615 243 quam
1639 201 1679 234 in
1696 212 1766 235 sua

201 260 307 293 icone
345 259 520 302 depinxit
554 260 805 292 Lamouroux.
858 258 929 292 Ubi
965 259 1091 301 plures
1123 259 1310 301 ejusmodi
1337 260 1482 293 laciniae
1509 261 1699 295 breviores
1726 261 1765 294 in

199 319 444 362 sporophylla
470 321 731 351 transmutatae
758 318 922 358 fuerunt,
949 329 1054 351 soros
1078 319 1204 361 plures
1223 319 1494 362 superpositos,
1514 320 1611 353 111181
1629 320 1763 353 axillas

201 378 419 411 laciniarum
459 378 729 419 elongatarum,
767 377 874 420 quasi
913 378 952 410 in
991 378 1115 411 axillis
1154 379 1380 412 scandentes
1416 379 1616 414 observare
1642 379 1762 413 liceat.

201 436 450 480 Sporophylla
475 437 589 479 igitur
615 437 653 470 in
680 437 724 471 N.
751 437 970 480 platycarpo
997 441 1034 470 et
1059 437 1134 471 situ
1162 441 1199 471 et
1225 438 1462 472 formationis
1481 439 1593 472 modo
1612 439 1764 482 proprio

199 496 355 529 definita
392 496 438 529 ad
476 496 642 539 speciem
681 497 976 539 dignoscendam
1014 497 1154 530 eximie
1180 498 1361 539 conferre,
1389 509 1464 531 non
1492 509 1646 541 possum
1674 499 1764 540 quin

201 566 385 589 moneam.
438 556 610 589 Lacinias
646 556 871 599 superiores,
903 560 946 590 111
972 557 1091 599 magis
1118 567 1334 605 excrescere
1361 558 1595 597 continuant,
1623 558 1765 591 sensim

200 616 279 648 fieri
318 619 355 648 et
392 616 671 649 numerosiores
710 619 748 650 et
785 617 1033 659 angustiores,
1069 627 1220 660 semper
1249 620 1377 651 tamen
1404 628 1624 660 permanere
1651 627 1766 660 supra

200 674 331 708 basem
358 678 559 709 cuneatam
586 675 832 719 pinna-tifidas
859 680 897 709 et
922 677 1079 719 lobatas,
1107 677 1145 710 id
1163 677 1277 710 nullis
1296 677 1421 711 dubiis
1441 687 1573 711 vacare
1592 676 1764 719 equidem

198 734 325 767 videre
364 735 516 769 credidi.
566 736 613 768 In
650 736 785 769 fronde
823 736 933 769 senili
973 739 1010 769 et
1042 736 1163 779 magis
1190 737 1358 770 coriacea
1383 737 1489 770 lobos
1516 736 1662 770 frondis
1688 735 1766 779 pin-

197 793 363 827 natifidae
402 794 645 828 distantiores
684 798 721 829 et
760 795 885 829 minus
924 795 1166 839 conspicuos,
1212 796 1430 830 rachidibus
1473 795 1765 839 persistentibus

200 853 306 895 quasi
334 854 534 892 defoliatis,
562 855 601 889 id
627 855 732 898 quasi
761 855 900 898 speciei
929 856 1276 889 characteristicum
1303 858 1517 889 monstrant
1543 856 1662 889 multa
1687 864 1766 897 spe-

196 912 336 946 cimina
361 914 644 949 Herbariorum.

341 973 377 1008 Si
413 984 500 1007 cum
526 975 597 1008 hac
624 975 755 1018 Specie
782 975 945 1018 Capensi
973 978 1213 1018 comparatur
1238 976 1361 1010 forma
1387 975 1625 1017 Californica,
1652 985 1764 1018 quani

196 1033 268 1066 sub
294 1033 449 1067 nomine
479 1033 553 1068 Nit.
581 1034 790 1078 platycarpi
825 1035 1027 1078 descripsit
1052 1039 1089 1069 et
1114 1036 1222 1069 icone
1248 1035 1453 1070 illustravit
1478 1036 1631 1078 Harvey
1659 1033 1763 1077 (Ner.

198 1091 286 1126 Bor.
314 1092 394 1126 Am.
425 1092 492 1127 tab.
520 1092 637 1136 XVI)
664 1094 950 1128 evidentissime
975 1098 1079 1138 patet
1103 1095 1202 1129 hanc
1229 1106 1311 1128 esse
1338 1095 1507 1138 plantam
1534 1095 1690 1128 omnino
1716 1094 1766 1127 di-

203 1163 373 1194 versam;
413 1153 492 1186 1818
530 1153 654 1187 dicere
692 1154 821 1187 liceret
857 1154 926 1187 has
962 1155 1111 1197 plantas
1138 1155 1301 1189 invicem
1328 1155 1480 1188 (11118118
1506 1155 1584 1187 1818
1609 1157 1651 1188 111
1677 1153 1768 1187 10113

200 1212 476 1255 Bupleurorum
504 1223 525 1246 3
550 1213 652 1246 foliis
679 1213 948 1257 decompositis
975 1214 1308 1248 Umbelliferarum
1334 1214 1483 1248 diversa
1501 1214 1708 1258 adpareant
1723 1212 1765 1255 ⁸³).

341 1272 550 1307 Memorata
576 1273 729 1307 demum
758 1276 883 1307 exstat
909 1274 1020 1307 tertia
1045 1274 1186 1317 planta,
1214 1275 1260 1308 ad
1286 1274 1430 1308 insulas
1458 1274 1640 1307 Falkland
1667 1277 1704 1307 et
1727 1274 1765 1307 in

196 1332 290 1365 mari
329 1332 497 1375 australi,
537 1336 579 1366 ut
620 1333 767 1373 dicitur,
806 1333 988 1376 vulgaris;
1026 1334 1121 1367 mihi
1147 1337 1273 1368 autem
1300 1337 1449 1368 tantum
1476 1334 1627 1377 cognita
1651 1334 1766 1377 speci-

196 1391 298 1425 mine
331 1392 493 1426 nimium
524 1392 696 1435 juvenili,
734 1393 835 1435 quod
868 1393 1072 1435 aliquando
1098 1394 1230 1437 putavi
1256 1394 1390 1428 sistere
1415 1394 1585 1437 plantam
1612 1394 1766 1427 nomine

198 1450 405 1485 Dawsonioe
430 1450 616 1486 Duo-villei
641 1452 881 1496 descriptam.
933 1453 1025 1486 Haec
1051 1453 1182 1496 planta
1208 1453 1461 1495 Falklandica,
1480 1453 1764 1487 ramificationis

202 1521 334 1544 norma
372 1511 418 1545 ad
456 1510 503 1546 N.
525 1511 785 1556 platycaoymm
824 1512 979 1556 propius
1017 1513 1211 1555 accedens,
1249 1513 1328 1557 jam
1365 1513 1546 1557 juvenilis
1584 1513 1764 1557 stipitata,

198 1581 362 1614 superne
400 1571 506 1614 quasi
546 1571 721 1605 bifariam
762 1572 896 1615 divisa,
933 1575 1038 1605 costa
1063 1573 1109 1605 ad
1137 1572 1270 1606 axillas
1297 1573 1474 1606 interiore
1500 1576 1538 1606 et
1561 1572 1766 1615 submargi-

196 1630 283 1672 nali,
325 1633 542 1664 extrorsum
582 1631 692 1675 alata,
722 1631 1007 1665 ramificationis
1034 1643 1205 1665 normam
1233 1633 1511 1675 quodammodo
1538 1633 1765 1676 peculiarem

196 1689 370 1731 induens,
398 1690 503 1724 velut
530 1691 656 1725 radice
682 1691 822 1725 fibi-osa
848 1691 1021 1725 habitum
1048 1692 1276 1735 peculiarem
1295 1696 1524 1727 monstrans.
1567 1693 1765 1737 Specimen

197 1749 363 1791 unicum,
403 1750 503 1792 quod
538 1751 655 1793 hujus
687 1751 776 1793 vidi,
803 1751 964 1785 nimium
991 1751 1170 1794 J'uvenile,
1198 1763 1309 1794 quam
1337 1755 1379 1786 ut
1405 1755 1548 1787 certum
1576 1753 1764 1796 quoddam

194 1809 379 1851 judicium
406 1809 453 1843 de
479 1810 605 1853 specie
630 1811 728 1844 ferre
754 1811 944 1845 auderem.

340 1939 373 1983 ⁸)
398 1940 578 1977 Plantam
606 1940 885 1984 Californicam,
912 1953 1025 1985 quam
1053 1943 1098 1976 ad
1125 1943 1166 1977 B.
1186 1943 1447 1987 platycarpuin
1471 1944 1626 1978 relatam
1646 1944 1766 1979 voluit

202 1999 364 2043 Harvey,
408 2000 550 2033 formas
593 2001 720 2043 plures
763 2002 1082 2044 comprehendere
1120 2003 1248 2036 forsan
1287 2003 1474 2046 conjicere
1512 2004 1632 2046 liceat,
1671 2014 1764 2046 quas

202 2059 315 2092 hodie
353 2059 423 2093 rite
458 2060 691 2103 distinguere
721 2060 930 2104 periculum
958 2061 1040 2095 feci.
1092 2054 1328 2102 Quibusnam
1356 2074 1402 2096 ex
1429 2063 1489 2096 his
1516 2063 1658 2104 formis,
1685 2074 1762 2106 spe-

205 2118 280 2151 cies
319 2130 340 2151 a
378 2118 531 2162 Harvey
570 2120 759 2163 descripta
788 2122 825 2153 et
850 2120 1038 2154 delineata
1064 2121 1261 2164 pertineat,
1288 2122 1382 2155 1111111
1408 2122 1561 2165 quidem
1587 2134 1663 2156 non
1690 2133 1763 2156 om-

204 2178 294 2212 nino
333 2180 476 2211 certum
515 2179 700 2222 adparuit,
739 2182 870 2222 utpote
900 2180 1046 2213 nullum
1074 2181 1335 2215 authenticum
1361 2182 1555 2225 specimen
1581 2193 1659 2216 suae
1685 2194 1764 2226 spe-

195 2236 262 2269 ciei
303 2248 363 2270 1118
402 2248 526 2271 coram
568 2239 718 2281 habere,
758 2239 873 2272 hodie
911 2239 1030 2273 doleo.
1088 2240 1287 2283 Specimen
1323 2241 1408 2284 ejus
1446 2241 1637 2285 depictum
1678 2253 1761 2275 811111

196 2296 343 2339 Specie,
372 2307 483 2339 quarn
524 2297 678 2331 nomine
717 2298 759 2332 N.
787 2298 1010 2332 Farlowiani
1049 2299 1281 2342 distinguere
1311 2303 1468 2334 conatus
1494 2311 1590 2344 sum,
1618 2301 1763 2345 potissi-

202 2366 305 2388 mum
346 2367 551 2399 congruere
589 2360 705 2400 patet.
756 2358 812 2391 Ex
852 2358 898 2391 iis
938 2369 1036 2401 vem,
1076 2370 1158 2402 quae
1197 2362 1277 2393 tum
1313 2360 1359 2393 de
1392 2360 1523 2404 Specie
1549 2360 1655 2403 dixit,
1683 2363 1763 2394 tum

204 2425 285 2456 quae
325 2416 371 2448 de
409 2417 662 2459 Neuroglosso
701 2417 837 2460 attulit,
876 2418 968 2451 satis
1006 2421 1134 2462 patere
1172 2422 1356 2462 putarem,
1395 2430 1479 2453 eum
1520 2420 1588 2453 has
1615 2420 1763 2463 plantas

200 2474 322 2515 quoad
350 2478 576 2509 structuram
604 2487 833 2520 comparare,
853 2477 1008 2510 omnino
1027 2489 1348 2521 supervacaneum
1369 2479 1643 2520 considerasse;
1663 2479 1762 2522 quod

203 2543 351 2575 quoque
390 2534 427 2568 in
468 2536 591 2569 causis
630 2536 748 2570 fuisse
786 2537 961 2580 dicerem,
1001 2548 1116 2579 quare
1153 2538 1267 2571 hodie
1304 2538 1350 2571 de
1385 2538 1444 2571 his
1472 2538 1611 2581 plantis
1637 2539 1763 2581 digno-

199 2593 349 2625 somniis
377 2595 588 2628 accuratius
615 2606 774 2629 examen
803 2596 908 2638 quasi
937 2597 1172 2639 exposcitum
1201 2597 1293 2630 mihi
1319 2597 1548 2640 adparuisse.
