1875 3116
202 87 287 128 218
856 86 1110 128 Pmmmffi.
1514 88 1763 130 Pterzssdzium.

201 206 355 249 eruisse,
382 206 494 239 citata
521 208 669 239 tantum
696 206 735 238 in
763 206 892 239 notula
915 206 1168 250 descriptione
1187 217 1209 240 a
1225 207 1454 250 Montagneo
1473 209 1560 242 data
1580 228 1622 232 ——-
1641 219 1766 251 quam-

202 277 314 308 quam
354 265 525 308 pluribus
561 265 652 299 locis
688 268 725 299 et
750 265 940 308 expressis
969 266 1092 300 verbis
1120 266 1295 308 indicavi,
1324 277 1383 300 me
1410 268 1555 301 nescire
1583 269 1628 302 ad
1655 279 1768 311 quam

202 326 362 359 formam
403 325 495 358 mihi
535 325 723 368 cognitam
764 325 934 368 Speciem
970 326 1189 369 Montagnei
1223 327 1361 360 referre
1388 331 1613 370 opporteret.
1664 328 1768 361 Inter

202 385 389 428 ejusmodi
429 386 569 419 formas
605 396 719 419 unam
756 385 938 429 descripsi
965 386 1119 420 nomine
1146 385 1194 420 D.
1222 385 1512 430 Montaynecmoe,
1540 399 1653 430 quam
1680 399 1768 422 vero

202 445 481 478 characteribus
521 445 644 478 allatis
683 445 834 478 differre
873 445 1021 488 putavi;
1062 449 1099 479 et
1136 446 1189 479 ita
1227 457 1375 488 quoque
1411 447 1457 480 (le
1484 447 1657 490 pluribus
1685 447 1767 480 aliis

203 505 419 548 Speciebus,
458 508 558 538 certo
598 508 771 547 respectu
807 505 1113 547 congruentibus,
1145 509 1183 539 at
1209 506 1282 539 alio
1310 506 1420 539 modo
1447 507 1617 547 diversis,
1646 518 1767 540 meam

203 564 421 607 opinionem
449 564 598 608 protuli.
642 565 874 608 Harveyum,
902 565 966 607 qui
993 568 1080 599 ante
1107 576 1178 607 me,
1206 566 1252 599 de
1281 566 1411 609 Specie
1438 566 1657 609 Montagnei
1677 567 1772 609 judi-

202 627 362 666 caverat,
402 635 471 658 nec
509 625 555 658 de
595 625 725 667 Specie
765 625 984 667 Montagnei
1024 625 1162 659 certius
1200 625 1403 669 judicasse,
1442 626 1652 669 specimina
1678 626 1770 659 mihi

203 685 481 718 communicata
520 688 733 719 monstrant
769 685 838 728 (cfr
875 684 913 718 J.
942 685 1008 728 Ay.
1039 684 1163 728 Epicr.
1195 696 1232 729 p.
1262 686 1336 719 487
1374 688 1411 719 et
1445 697 1529 729 pay.
1559 686 1632 719 496
1670 686 1768 719 infra

205 743 253 778 D.
279 743 516 787 epiylossum).
569 745 692 778 Hodie
731 748 949 788 comparata
984 755 1133 787 quoque
1168 748 1367 787 structura,
1396 745 1490 778 mihi
1518 745 1672 779 0111111110
1700 756 1772 779 cer-

204 807 284 837 tum
324 804 482 845 videtur,
524 805 674 847 Species
714 807 950 847 comparatas
990 805 1209 838 nullomodo
1250 805 1441 848 proximas
1481 816 1580 846 esse;
1614 808 1652 838 et
1678 805 1771 838 mihi

203 864 295 906 quin
335 864 451 897 immo
484 864 642 897 dubium
670 865 798 904 videri,
827 865 987 897 formam
1014 864 1130 907 illam,
1156 875 1268 907 quam
1297 865 1377 908 ipse
1405 864 1480 898 Cel.
1509 865 1626 907 Laing
1652 868 1694 898 ut
1719 864 1769 899 D.

204 923 482 957 erassz'owrvimn
508 924 692 967 depinxit,
720 935 850 958 revera
876 925 922 958 ad
950 924 1119 967 Speciem
1148 924 1366 967 Montagnei
1391 925 1587 968 pertinere.
1627 925 1768 959 Iterum

205 984 417 1025 iterumque
455 984 673 1026 Montagnei
714 983 1007 1027 descriptionem
1047 985 1280 1027 comparanti
1318 985 1410 1018 mihi
1442 985 1662 1028 adparuisse
1688 996 1771 1019 con-

206 1044 313 1077 fiteor
351 1045 498 1078 iconem
536 1044 661 1077 (latam
690 1047 727 1077 et
753 1045 987 1077 characteres
1015 1044 1136 1077 eidem
1165 1044 1272 1077 (latas
1299 1044 1540 1087 p‹c›tissimum
1568 1055 1772 1087 congruere

205 1114 290 1136 cum
330 1103 406 1138 Nit.
436 1102 694 1147 Entaeliviaffolio
733 1104 842 1146 quale
882 1103 997 1146 hujus
1028 1103 1220 1146 specimen
1247 1104 1417 1146 juvenile
1443 1107 1480 1137 et
1508 1104 1675 1137 nondum
1702 1107 1773 1137 tor-

205 1166 285 1197 tum
322 1164 448 1198 videre
484 1164 635 1197 credidi.
687 1164 805 1204 Quale
842 1163 1041 1206 Specimen
1073 1162 1140 1197 21).
1168 1162 1435 1197 crassz'ner‘vioe»
1466 1164 1770 1207 Photographica

204 1223 312 1257 icone
339 1234 360 1256 a
385 1224 505 1266 Laing
530 1223 759 1257 illustratum
787 1223 869 1265 fuit,
907 1223 999 1256 mihi
1026 1234 1118 1256 sane
1146 1223 1253 1257 valde
1280 1223 1438 1257 dubium
1467 1227 1602 1264 manet,
1640 1226 1766 1257 utrum

205 1283 365 1316 eandem
392 1283 572 1326 plantam,
600 1294 647 1316 an
674 1283 830 1317 omnino
856 1283 1045 1316 diversam
1072 1283 1241 1316 referret.

348 1344 392 1375 In
432 1341 596 1386 Epicrisi
632 1342 683 1386 (p.
713 1343 803 1385 496)
838 1342 966 1375 monui
994 1343 1036 1375 D.
1065 1351 1321 1376 EPIGLOSSUM
1348 1341 1387 1376 J.
1416 1342 1481 1386 Ay.
1508 1343 1641 1376 sistere
1668 1343 1772 1385 plan-

206 1405 295 1445 tam,
334 1414 447 1444 quam
486 1403 557 1436 sub
593 1402 747 1436 nomine
785 1401 832 1435 D.
859 1400 1109 1436 crassimrvioe
1132 1400 1271 1445 partim
1297 1412 1318 1435 a
1344 1402 1465 1436 Hook.
1494 1404 1531 1435 et
1557 1402 1672 1436 Harv.
1699 1402 1772 1444 (ad-

208 1462 330 1505 posito
369 1461 498 1504 (lubio)
531 1462 773 1495 distributam
813 1461 944 1500 habui;
986 1464 1023 1495 et
1049 1461 1136 1495 huic
1162 1461 1376 1504 proximam
1401 1461 1566 1504 judicavi
1595 1461 1765 1504 Speciem

207 1533 228 1555 a
254 1532 314 1555 me
340 1522 411 1556 sub
438 1522 592 1555 nomine
620 1522 661 1556 D.
691 1530 952 1555 LANOIFOLIAE
979 1524 1249 1562 enumeratam,
1277 1532 1390 1563 quam
1418 1521 1571 1554 nomine
1596 1520 1675 1554 Del.
1694 1531 1773 1555 san-

203 1580 346 1625 yuineoe
371 1592 447 1615 var.
474 1580 672 1625 lfmcifolioe
710 1581 950 1615 distributam
995 1581 1125 1619 habui;
1167 1581 1268 1623 ipsas
1308 1581 1446 1622 icones,
1486 1591 1578 1623 quas
1617 1581 1657 1613 in
1689 1579 1772 1614 Tab.

209 1639 390 1674 XXVII]
429 1641 569 1684 publici
608 1641 702 1684 juris
742 1641 831 1674 fecit
871 1641 1000 1683 Laing,
1038 1643 1079 1674 ut
1104 1651 1192 1673 suas
1220 1640 1381 1683 Species,
1411 1639 1458 1674 D.
1486 1639 1713 1684 lanczfoliam
1740 1643 1777 1673 et¹

209 1700 257 1735 D.
285 1700 457 1734 linem-em
496 1701 708 1743 inscriptas,
749 1711 771 1734 a
806 1700 1011 1743 Speciebus
1048 1699 1167 1733 nostri
1195 1699 1405 1742 Paraglossi
1433 1700 1591 1733 Generis
1619 1699 1682 1734 vix
1710 1699 1776 1733 dif-

209 1762 305 1794 ferre
354 1763 543 1803 putarem,
593 1761 625 1793 si
674 1760 826 1803 quiden]
878 1761 949 1793 hoc
993 1770 1040 1793 ex
1083 1759 1271 1803 ejusmodi
1314 1759 1486 1793 iconibus
1527 1759 1775 1802 judicandum

209 1821 408 1856 videretur.

212 1998 399 2050 GENUS
430 1998 520 2049 111.
578 1999 656 2049 De
686 1998 972 2060 PTERimo,
1003 2004 1155 2046 Genus
1177 2004 1377 2059 suijuris
1400 2003 1776 2045 Delesseriearum

839 2082 1148 2124 constituente.
1569 2064 1587 2078 ⁸

356 2214 612 2256 Meminisse
658 2213 801 2269 placet
845 2212 1140 2267 Kiitzingium
1184 2212 1266 2254 sub
1301 2212 1480 2253 nomine
1513 2211 1701 2253 Pterida·
1731 2211 1778 2252 in

214 2287 470 2340 Physcolofyz'a
523 2286 724 2328 Genera&
776 2285 1059 2340 proposuisse
1113 2284 1377 2326 Sub-Genus
1430 2283 1660 2338 proprium
1711 2283 1778 2323 sui

214 2358 400 2400 Generis
449 2357 718 2411 Hespoylosse}
769 2357 898 2411 cujus
944 2360 1213 2398 structuram
1248 2354 1396 2410 quoad
1430 2358 1576 2410 partes
1610 2353 1778 2395 steriles

213 2430 307 2479 rite,
358 2434 407 2470 ut
455 2429 491 2470 ei
542 2443 638 2469 mos
688 2428 782 2477 fuit,
832 2427 1075 2469 illustratas
1124 2426 1290 2476 videas,
1338 2426 1374 2467 si
1419 2439 1598 2480 quoque
1631 2423 1777 2479 quoad

216 2504 385 2556 partem
435 2500 510 2542 vix
558 2500 640 2540 rite
686 2499 950 2548 intellectas3
991 2512 1094 2539 eum
1128 2511 1232 2539 vero
1265 2511 1346 2539 nec
1381 2496 1462 2538 hoc
1495 2496 1601 2546 1000,
1636 2495 1778 2550 magis

216 2586 349 2626 quain
386 2571 431 2612 in
466 2570 670 2626 plurimis
703 2569 813 2618 aliis,
850 2570 893 2611 in
929 2569 1131 2624 partibus
1168 2567 1406 2609 fructiferis
1440 2566 1659 2622 quosdam
1682 2566 1778 2607 cha-

217 2647 405 2684 racteres
454 2656 569 2683 novo
618 2656 698 2683 suo
747 2641 911 2683 Generi
961 2639 1139 2682 Pteridii
1184 2638 1418 2688 indicasse,
1458 2637 1503 2679 id
1535 2635 1779 2692 inquirenti

217 2715 393 2755 facilius
427 2718 588 2769 pateat.
655 2713 772 2754 Hinc
807 2727 986 2767 quoque
1020 2726 1100 2753 1100
1134 2710 1391 2752 mirandum
1424 2710 1573 2750 forsan
1601 2707 1778 2750 cuidam

219 2785 454 2834 videretur,
491 2799 594 2826 eum
629 2784 842 2839 plantam,
879 2783 1153 2825 Sub-Generi
1186 2781 1365 2837 proprio
1392 2794 1547 2823 revera
1569 2779 1776 2834 typicam,

219 2856 502 2910 Hypoglosso
551 2855 849 2910 subjunxisse.
916 2855 1007 2896 Nec
1055 2867 1081 2894 a
1129 2852 1314 2910 posteris
1358 2851 1412 2895 de
1449 2848 1778 2893 characteribus
