1875 3116
212 103 269 142 54
813 102 994 143 NrrorH
1004 118 1173 144 YLLEAE.
1473 107 1776 160 Nifioplcyllum.

210 220 329 260 hunc
369 219 424 261 ob
464 219 654 274 gradum
694 219 961 262 evolutionis
1000 220 1241 270 diversum,
1277 222 1357 263 has
1390 223 1571 266 ultimas
1605 226 1660 266 ab
1696 226 1779 267 illis

208 291 356 345 typica
389 289 645 332 differentia
677 290 876 332 diversas
911 291 1260 334 considerandas
1295 295 1461 348 putavi.

350 361 471 403 Inter
505 361 683 417 Species
718 361 1108 417 Heterocystideas
1148 364 1511 419 Nitophyllorum
1546 367 1606 408 ita
1639 368 1779 424 dupli-

206 447 302 475 cem
352 439 510 487 typum
560 438 736 488 egomet
783 433 989 475 lubenter
1036 449 1326 485 assumerem,
1378 451 1571 491 quorum
1619 453 1775 487 unum,

207 503 499 546 suadentibus
533 505 725 559 organis,
757 519 869 559 quas
898 509 947 546 ut
970 520 1107 547 venas
1132 506 1377 548 intellectas
1402 508 1543 550 voluit
1565 509 1777 565 Kutzing‚

206 574 395 617 alterum
444 576 623 630 organis
666 575 940 624 distinctum,
977 591 1076 631 (11116
1111 577 1193 618 hoc
1227 577 1321 620 loco
1355 584 1404 620 ut
1437 595 1583 622 nemos
1616 580 1773 623 descri-

206 646 308 688 bere
341 651 527 688 conatus
562 661 673 688 sum.
742 646 943 702 Utraque
976 661 1145 701 organa
1178 648 1305 702 quasi
1339 649 1385 690 in
1418 650 1611 692 eundem
1645 666 1777 694 usum

205 721 363 768 creata,
414 722 457 759 et
496 718 600 759 hinc
639 732 719 759 sua
753 718 1042 773 dispositione
1075 719 1121 760 in
1155 719 1316 762 fronde
1349 735 1530 776 quoque
1564 723 1776 777 quodam-

206 788 338 830 modo
386 789 588 844 analoga,
637 789 843 832 lubenter
889 804 1185 842 assumerem3
1245 791 1349 834 hinc
1397 793 1551 834 forsan
1599 809 1778 850 quoque

205 860 527 916 suspicandum
561 865 752 915 utraque
785 876 954 916 organa
986 876 1011 903 a
1044 863 1341 917 systematicis
1376 865 1667 919 scriptoribus
1696 882 1778 909 nec

204 932 284 974 rite
329 932 539 974 distincta
580 932 732 974 fuisse.
799 933 890 975 Nec
935 948 1004 974 1116
1036 933 1184 988 ipsun]
1220 935 1336 976 inter
1368 950 1535 990 organa
1569 937 1686 979 dicta
1719 939 1778 980 di-

203 1004 430 1059 stinguere
478 1004 632 1046 forsan
680 1018 816 1045 ausus
864 1005 1065 1054 fuissem,
1116 1005 1200 1047 nisi
1252 1006 1430 1061 Species
1480 1007 1667 1051 diversis
1707 1010 1777 1052 his

202 1076 381 1130 organis
434 1075 688 1125 instructas,
749 1075 835 1117 alio
889 1089 1068 1130 quoque
1122 1077 1376 1120 charactere
1430 1078 1771 1135 distinguendas

202 1146 469 1201 putaverim.

344 1218 464 1259 Dum
498 1218 715 1260 nimirum
748 1218 794 1259 in
828 1219 1002 1261 Verbosis
1033 1219 1266 1274 speciebus
1302 1222 1531 1277 zbztervenia
1564 1223 1656 1265 vidi
1695 1225 1774 1266 cel—

200 1289 302 1331 lulis
336 1289 533 1340 minutis,
570 1289 1061 1345 hexagono-angulatis,
1097 1295 1216 1332 arcte
1246 1296 1289 1333 et
1311 1292 1498 1334 firmiter
1520 1296 1773 1349 conjunctis

200 1365 419 1408 contexta,
471 1365 513 1403 et
560 1361 641 1403 has
689 1362 1043 1403 interveniorum
1092 1362 1273 1404 cellulas
1321 1363 1367 1404 in
1414 1363 1655 1419 Speciebus
1689 1367 1775 1409 alio

200 1436 405 1487 respectu
453 1447 589 1487 quam
634 1434 831 1475 maxime
865 1433 1064 1475 diversas
1098 1438 1249 1475 tamen
1282 1435 1343 1476 ita
1376 1437 1693 1480 convenientes
1727 1444 1775 1481 ut

199 1503 380 1545 cellulas
428 1504 782 1546 interveniorum
831 1505 966 1546 unius
1016 1505 1188 1560 Speciei
1237 1506 1293 1547 ab
1341 1506 1428 1548 illis
1474 1508 1664 1550 aliarum
1697 1510 1774 1552 vix

200 1574 526 1630 dignoscendas
574 1581 781 1630 putarem
815 1601 870 1606 —
909 1577 1184 1619 internervia
1231 1582 1386 1619 contra
1432 1578 1480 1620 in
1530 1579 1772 1634 Speciebus

199 1647 383 1689 nem-osis
415 1647 657 1689 constituta
690 1647 882 1689 dicerem
917 1647 1087 1690 cellulis
1123 1648 1256 1703 paulo
1293 1650 1539 1704 maJ'orilms
1563 1658 1606 1693 et
1631 1653 1772 1707 magis

198 1718 474 1773 gelatinosis3
516 1733 605 1773 quo
639 1719 892 1761 charactere
926 1720 1006 1761 has
1040 1719 1219 1775 Species
1253 1735 1469 1764 nervosas
1503 1727 1545 1764 et
1577 1723 1771 1765 invicem

199 1794 495 1844 congruentes
544 1795 587 1831 et
633 1804 735 1831 cum
781 1790 1023 1846 Speciebus
1056 1791 1460 1847 homoeocystideis
1496 1794 1637 1848 magis
1672 1809 1769 1836 con-

199 1861 429 1903 venientes
462 1860 667 1903 dicerem.
735 1862 1025 1916 Quamquam
1060 1863 1139 1904 hos
1173 1863 1449 1905 characteres
1483 1870 1526 1906 et
1554 1866 1664 1907 mihi
1687 1866 1771 1921 ipsi

199 1937 241 1974 et
287 1931 384 1973 aliis
427 1931 612 1973 minoris
658 1934 871 1975 momenti
905 1933 1165 1988 adparuisse
1199 1935 1424 1985 confiteor,
1461 1940 1613 1978 tamen
1649 1937 1770 1979 diffe-

199 2003 363 2044 rentias
396 2003 480 2044 hoc
513 2008 717 2058 respectu
750 2003 916 2054 adesse,
953 2019 1043 2046 non
1067 2019 1252 2060 possum
1275 2006 1385 2060 quin
1410 2021 1630 2054 moneam,
1659 2022 1770 2062 quas

198 2088 378 2129 quoque
432 2073 709 2117 differentias
763 2079 887 2117 sueto
941 2075 1069 2117 oculo
1118 2080 1186 2117 sat
1233 2076 1501 2131 adparentes
1550 2084 1768 2133 putarem.

199 2146 376 2200 Species
410 2146 546 2201 igitur
578 2160 690 2201 quas
725 2147 937 2188 Νθνυαψακ
971 2147 1075 2197 dixi,
1117 2148 1151 2189 si
1186 2147 1369 2202 quidem
1404 2150 1641 2203 praesentia
1676 2165 1769 2192 ner-

198 2231 357 2258 vorum
406 2231 509 2258 011111
558 2218 730 2260 76110815
762 2218 1098 2272 quodammodo
1131 2219 1354 2274 analogas,
1391 2219 1766 2263 internerviorum

198 2292 421 2329 structura
468 2303 570 2329 011111
616 2289 1004 2345 homaeocystideis
1038 2290 1180 2345 magis
1214 2291 1531 2333 convenientes
1564 2291 1770 2335 lubenter

198 2358 413 2406 dioeronn
449 2359 672 2401 Nervosas
706 2361 1012 2415 (Polyneuras)
1046 2361 1214 2416 species
1248 2362 1330 2403 hoc
1364 2362 1497 2404 modo
1530 2364 1768 2405 transitum

198 2444 353 2485 parare
401 2431 516 2472 inter
564 2432 851 2485 Asslaoplespslla
900 2437 942 2474 et
985 2433 1321 2486 Oryptoplemax,
1369 2434 1523 2488 quales
1557 2439 1768 2490 utrosque

199 2501 334 2556 probe
368 2501 600 2544 distinctas
633 2504 914 2557 conjicerem,
950 2518 1176 2545 assumere
1209 2519 1345 2546 ausus
1380 2519 1492 2547 sum.

342 2573 546 2627 Denique
594 2574 821 2616 monuisse
870 2575 1015 2629 placet
1051 2575 1327 2617 characteres
1376 2579 1472 2617 tum
1520 2581 1764 2626 structurae‚

199 2649 292 2684 tum
331 2645 683 2687 fructificationis
718 2660 807 2687 non
841 2646 1087 2688 admodum
1121 2647 1385 2702 conspicuos
1419 2649 1662 2702 exspectari
1698 2648 1766 2690 de-

200 2714 301 2756 bere
349 2714 393 2755 in
443 2716 628 2766 Gonere,
680 2716 809 2771 cujus
859 2717 1048 2771 Species,
1100 2731 1378 2772 ‹piamquam
1427 2717 1547 2758 haud
1588 2732 1764 2772 paucas,

199 2791 348 2825 tamen
396 2800 552 2827 omnes
600 2787 662 2827 ita
707 2788 1023 2829 convenientes
1058 2793 1106 2829 ut
1139 2802 1277 2829 unam
1312 2788 1505 2842 speciem
1540 2788 1595 2829 ab
1629 2789 1766 2830 altera

199 2869 312 2909 aegre
360 2856 689 2899 characteribus
737 2858 881 2901 allatis
930 2858 1202 2914 distinguere
1253 2858 1475 2900 valuerint
1519 2858 1561 2907 11,
1608 2860 1764 2916 quiin

1861 2591 1875 2809 .·.».-444.-<-ὠ-,.>
1872 2533 1875 2566 ...,
1871 2512 1875 2520 ,.
1863 2468 1875 2496 .,’.
1874 2454 1875 2458 Α
1872 2429 1875 2443 Δ,
1873 2401 1875 2410 A„
