1875 3116
728 96 986 137 Dnmessmzi
996 111 1071 137 affl.
1656 98 1681 136 9

117 215 314 257 sacculos
362 215 541 269 (sensim
593 214 719 268 quasi
769 213 1022 269 dissolutos)
1066 214 1308 268 gemmidia
1347 213 1561 268 adparere
1594 214 1681 255 alia

116 286 354 341 conspicuo
402 286 642 340 superiora,
693 285 779 326 alia
820 285 1024 327 inferiora
1067 290 1108 326 et
1141 285 1266 339 quasi
1303 285 1497 326 seriatim
1533 298 1680 340 super-

118 358 271 412 posita,
311 359 400 398 [erc
434 357 479 398 in
512 358 645 398 series
668 356 923 397 articulatas
946 356 1234 406 colncrentia3
1260 360 1302 397 ct
1324 356 1406 397 sub
1432 356 1514 396 lio(-
1538 355 1681 397 stadio

118 429 377 482 dignoscere
411 428 539 469 licere
573 427 721 483 plures
754 427 962 469 articulos
996 428 1215 469 mbaerere
1250 428 1376 481 quasi
1413 428 1457 468 in
1487 431 1679 477 catenam,

118 500 314 541 articulis
349 514 451 541 vero
487 500 644 541 harum
681 499 868 553 singulis
902 498 1201 553 appendicula
1234 499 1497 540 tenuissima
1538 498 1682 554 (quasi

118 572 404 624 anastomosi)
456 571 721 626 conjunctis.
801 573 912 618 Quae
965 570 1008 610 in
1063 570 1284 623 ejusmodi
1339 575 1492 611 catena
1548 570 1683 625 (nunc

119 643 321 698 simplici,
350 656 468 683 nunc
494 642 765 695 dichotoma)
799 641 995 694 supremi
1030 640 1249 695 adparent
1275 642 1461 691 articuli,
1487 641 1567 682 hos
1592 642 1683 682 fere

117 715 209 768 jam
259 716 448 755 oboratos
489 712 681 754 dicerem
723 712 813 765 (Vix
853 716 901 753 ut
935 712 978 752 in
1013 712 1275 766 Nitophyllis
1299 713 1587 766 pyrisbo‘mcs),
1623 712 1683 753 in-

123 785 355 826 ferioribus
390 798 493 826 vero
526 783 723 824 articulis
758 783 900 837 magis
933 782 1136 837 oblongis
1170 788 1247 824 aut
1276 788 1433 824 mutua
1456 783 1684 838 pressione

119 856 353 910 angulatis.
420 855 596 896 Horum
644 854 923 908 (inferiorum
973 854 1278 909 articulorum)
1326 853 1398 895 alii
1444 854 1683 909 simpliciu-

119 928 241 976 sculi,
275 926 569 981 gemmidium
604 925 836 967 terminale
871 925 1160 975 sustinentes;
1196 925 1269 966 alii
1304 926 1465 966 ramosi
1500 926 1546 966 in
1574 931 1682 966 cate-

120 1013 223 1040 nam
257 997 548 1047 consimilem,
583 1011 663 1038 suo
696 996 940 1051 gemmidio
975 997 1198 1038 terminali
1232 1002 1275 1037 et
1303 996 1399 1037 aliis
1428 996 1685 1038 lateralibus

117 1071 393 1111 instructam.
460 1068 667 1110 Sacculos
701 1067 918 1123 hyalinos,
953 1082 1066 1122 quos
1100 1068 1204 1116 dixi,
1238 1067 1501 1109 membrana
1524 1068 1684 1109 tenuis-

118 1141 231 1182 sima
263 1141 430 1182 cinctos
464 1166 520 1169 —
552 1140 597 1180 in
632 1139 795 1194 quibus
829 1139 957 1194 quasi
996 1139 1251 1180 inordinata
1283 1143 1557 1194 generantur
1588 1144 1685 1181 tum

118 1213 191 1254 fila
239 1213 282 1254 in
327 1216 506 1253 catenas
549 1225 765 1253 conversa
799 1216 892 1252 tum
928 1210 1174 1265 gemmidia
1205 1211 1386 1266 juniora
1418 1236 1471 1239 —
1507 1210 1609 1252 dein
1644 1215 1687 1251 et

115 1285 208 1338 jam
243 1284 325 1325 sub
360 1283 502 1324 stadio
536 1282 782 1324 admodum
815 1282 1003 1337 juvenili
1038 1287 1191 1337 ruptos
1215 1287 1292 1324 aut
1315 1281 1553 1323 dissolutos
1578 1282 1685 1331 fieri,

118 1360 249 1410 prout
295 1355 486 1396 invicem
531 1358 795 1409 separantur
838 1359 986 1408 partes
1025 1353 1234 1402 divers{e;
1270 1359 1312 1395 et
1345 1353 1413 1395 his
1447 1353 1685 1408 disjunctis

67 1465 69 1468 .
120 1427 347 1481 paulisper
395 1425 646 1468 evidentius
695 1425 914 1466 distinct-ze
963 1424 1182 1480 adparent
1230 1430 1410 1474 catenae,
1456 1425 1548 1466 suis
1587 1425 1686 1465 arti-

119 1497 228 1539 culis
277 1497 500 1539 sterilibus
549 1496 847 1551 appendicula
895 1500 1259 1537 anastomosante
1302 1496 1554 1550 conjunctis
1587 1509 1685 1536 con-

118 1569 302 1619 stitutae3
353 1573 395 1609 et
442 1567 687 1621 gcmmidia
735 1567 909 1608 minuta
952 1569 1140 1620 oboram,
1174 1581 1295 1608 nuuc
1328 1566 1372 1607 in
1407 1572 1564 1608 catena
1598 1567 1683 1607 lon-

118 1641 239 1694 giore
273 1639 537 1689 terminalia,
572 1653 693 1680 nunc
728 1639 771 1679 in
808 1638 989 1680 ramello
1024 1637 1145 1679 brevi
1180 1637 1390 1679 lateralia.
1447 1637 1542 1679 Fila
1568 1652 1686 1692 gem-

120 1712 344 1753 midiifera
392 1712 499 1765 ipsa,
551 1710 694 1765 magis
741 1710 980 1751 lateraliter
1028 1723 1208 1763 quoque
1256 1723 1444 1757 ramosa,
1482 1709 1686 1750 lubenter

117 1784 354 1837 thyrsoidea
389 1782 596 1824 dicerem.
661 1781 949 1836 Conqiaranti
983 1781 1285 1823 evolutionem
1320 1780 1479 1830 nuclei,
1505 1780 1683 1834 qualem

118 1855 161 1895 in
198 1854 483 1896 Delesserieis
518 1853 707 1908 propriis
741 1853 1054 1895 obvenientem
1096 1852 1333 1894 observare
1366 1851 1547 1900 credidi,
1582 1866 1682 1892 cum

117 1926 191 1967 illo
239 1926 286 1966 in
334 1924 644 1980 Nitophylleis‚
697 1924 805 1964 mihi
851 1923 1111 1978 adparuisse
1155 1923 1367 1964 confiteor
1400 1928 1684 1971 structuram,

119 2010 393 2051 quamquam
442 1995 687 2037 admodum
736 1995 975 2050 conspicue
1023 1994 1248 2036 diversam
1286 1995 1440 2036 forsan
1473 1994 1684 2049 explicari

119 2083 259 2123 posse,
304 2073 382 2109 aut
424 2068 577 2109 forsan
620 2067 762 2121 magis
803 2067 1090 2121 conspicuam
1127 2066 1234 2115 fieri,
1269 2066 1367 2120 ipsa
1399 2065 1687 2107 consistentia

119 2139 347 2180 frondium
398 2139 591 2181 diversa:
644 2139 716 2179 fila
758 2137 1026 2187 (licliotoma,
1062 2152 1162 2192 quat
1196 2138 1241 2178 in
1276 2137 1538 2190 Nitoplndlzlw
1569 2151 1684 2190 gem-

120 2210 258 2251 midia
300 2210 565 2264 pyrit'ormia
608 2208 860 2250 terminalia
899 2209 1132 2256 sustinent,
1172 2208 1454 2263 persistentia
1488 2212 1683 2257 manent,

120 2286 162 2322 et
211 2282 313 2321 binc
362 2285 501 2322 totum
554 2281 762 2321 nucleum
806 2280 934 2334 quasi
975 2279 1059 2320 filis
1095 2279 1373 2320 radiantibus
1409 2278 1683 2331 fastigiatum

121 2352 202 2392 sub
251 2366 431 2406 quoque
473 2351 740 2393 evolutionis
785 2350 927 2391 stadio
961 2350 1238 2391 consimilem
1273 2349 1509 2391 observare
1543 2348 1683 2390 liceat.

123 2423 169 2463 ln
204 2423 474 2465 Delesserieis
507 2422 695 2476 propriis
729 2421 803 2462 fila
834 2421 1165 2474 gcmmidiil'era
1198 2420 1253 2461 ab
1284 2420 1410 2461 initio
1435 2421 1686 2460 fmanantur

121 2494 395 2541 tenuissima,
442 2492 669 2534 sacculum
710 2492 949 2533 referentia
982 2492 1295 2533 tenuissimum
1330 2490 1546 2540 clausum,
1581 2504 1684 2545 qua-

121 2566 207 2606 lem
256 2566 300 2605 in
352 2563 566 2605 Florideis
612 2563 900 2604 inferioribus
934 2563 1282 2603 translucentem
1317 2562 1553 2604 observare
1586 2576 1684 2602 con-

121 2637 363 2683 suevimus,
398 2640 440 2676 et
473 2635 555 2676 sub
590 2635 672 2675 hoc
704 2634 950 2687 gelatinoso
984 2633 1201 2688 adparatu
1229 2634 1515 2674 continentur
1539 2637 1685 2688 partes

122 2722 263 2762 usque
311 2707 418 2748 dum
468 2706 630 2759 singuli
670 2705 843 2746 articuli
878 2704 1237 2746 anastomosibus
1269 2704 1409 2759 juncti
1445 2704 1684 2759 conspicue

123 2782 402 2833 se1‡›arantur;
454 2778 536 2818 hoc
581 2791 686 2819 vero
726 2778 844 2817 facto
885 2776 991 2816 tinxi
1025 2775 1269 2828 gemmidia·
1300 2780 1450 2816 tamen
1485 2776 1580 2829 (nec
1613 2774 1684 2816 ad-

123 2848 309 2890 modum
344 2850 528 2903 tirmiter
559 2849 676 2889 intra
710 2847 919 2889 nucleum
954 2847 1257 2901 concatenata)
1291 2846 1523 2896 cohaerere,
1553 2846 1614 2888 ita
1638 2850 1685 2887 ut
