1875 3116
199 70 283 110 232
853 66 1107 107 PmmmAE.
1509 67 1759 121 Calogslossa.

199 187 359 229 Utrum
394 186 592 240 singulas
625 185 957 240 sphaerosporas
990 188 1068 226 aut
1099 184 1155 226 ad
1189 198 1340 235 unam,
1374 189 1451 226 aut
1483 185 1537 227 ad
1573 187 1758 229 alteram

197 259 407 313 paginam
457 257 642 298 emissas
690 256 784 298 fieri
823 256 1028 305 dicerem,
1063 255 1108 297 id
1142 255 1325 311 quidem
1358 255 1614 312 dijudicatu
1646 258 1761 299 diffi-

195 329 277 371 cile
310 333 527 384 putarem.
594 327 935 383 Sphaerosporas
983 331 1134 369 autem
1183 331 1545 379 maturescentes,
1588 343 1610 370 a
1646 329 1759 371 facie

195 400 464 449 observatas,
514 398 633 454 ipsas
677 412 937 453 permanere
975 398 1022 439 in
1055 398 1252 440 seriebus
1285 397 1545 440 cellularum
1580 400 1750 442 radian-

196 471 313 513 tibus
361 470 556 520 seriatas,
606 474 739 525 atque
784 470 830 511 in
864 469 1061 511 seriebus
1094 470 1164 510 his
1198 469 1392 511 invicem
1424 470 1642 525 proximis
1675 472 1757 514 rite

195 542 466 584 alternantes
499 540 723 590 obvenire,
757 540 804 582 id
837 540 1021 595 quidem
1054 555 1108 582 ex
1141 541 1237 595 ipso
1271 555 1425 582 earum
1457 543 1756 596 generationis

196 613 327 655 modo
376 613 508 668 (intra
554 612 734 654 cellulas
776 613 1047 654 alternantes
1084 611 1312 653 radiorum
1348 612 1513 667 quibus
1548 613 1628 655 alae
1661 628 1759 656 con-

194 684 456 739 stituuntur)
485 683 876 727 evidentissimum
898 683 1009 725 mihi
1032 683 1251 739 adparuit.
1302 683 1478 726 Leviter
1500 698 1755 740 compresso

195 770 293 798 soro
342 760 680 806 maturescente,
730 756 873 811 ipsam
924 755 1280 810 sphaerosporam
1325 755 1573 810 sejunctam
1609 756 1701 798 vidi
1734 771 1760 798 a

193 827 378 869 reticulo
421 827 590 869 cellulae
633 826 883 877 ambientis,
919 826 1037 881 quod
1074 826 1308 868 reticulum
1342 826 1418 868 vix
1451 827 1537 868 nisi
1570 827 1757 869 residuis

195 899 534 954 persistentibus
574 898 836 940 cellularum
869 897 1181 953 generantium
1214 923 1272 927 —-
1303 898 1350 939 in
1383 898 1572 953 angulis,
1609 904 1657 940 ut
1688 913 1759 954 op-

193 975 399 1026 porteret,
448 970 672 1026 praecipue
720 969 975 1011 incrassatis
1015 995 1069 1000 ἢ
1112 973 1371 1011 contextum
1421 969 1595 1012 facilius
1644 970 1757 1026 quis-

193 1042 315 1097 piam
350 1046 536 1097 putaret.

336 1113 612 1168 Caloglossas
655 1113 792 1167 igitur
833 1127 937 1154 cum
971 1112 1266 1168 Hypoglossis
1300 1112 1449 1167 quoad
1482 1117 1748 1155 structuram

194 1185 281 1227 sori
329 1184 606 1240 comparanti
656 1184 767 1225 mihi
810 1183 1069 1238 adparuisse
1104 1183 1297 1225 dicerem
1332 1188 1572 1239 utrumque
1606 1185 1759 1226 Genus

193 1257 252 1297 ita
286 1256 525 1298 convenire
559 1260 607 1296 ut
639 1255 816 1296 easdem
851 1269 945 1296 esse
979 1255 1312 1310 sphaerosporas
1344 1260 1692 1297 maturescentes
1716 1261 1759 1297 et

192 1327 435 1377 interiores,
487 1341 598 1381 quas
646 1327 692 1367 in
739 1330 976 1381 utramque
1010 1326 1221 1381 paginam
1255 1326 1580 1368 translucentes
1613 1326 1755 1368 obser-

194 1413 297 1441 vare
330 1398 481 1448 liceat;
522 1398 601 1439 has
635 1403 786 1440 autem
820 1397 1152 1452 sphaerosporas
1184 1397 1231 1438 in
1266 1397 1515 1439 Generibus
1549 1398 1609 1440 ita
1642 1413 1759 1439 com-

194 1470 357 1525 paratis
405 1469 491 1511 alio
540 1484 720 1525 prorsus
768 1469 902 1510 modo
939 1474 1173 1524 generatas
1207 1468 1313 1518 fieri,
1348 1469 1392 1510 id
1426 1469 1609 1524 quidem
1644 1469 1753 1511 mihi

192 1541 581 1584 evidentissimum
615 1540 767 1591 fuisse,
803 1555 984 1596 quoque
1017 1540 1222 1582 lubenter
1254 1554 1475 1595 urgerem.

334 1612 623 1668 Comparanti
656 1612 790 1667 igitur
824 1612 932 1653 mihi
966 1611 1099 1653 hodie
1139 1611 1314 1653 Genera
1347 1611 1523 1655 diversa
1559 1612 1753 1654 Delesse-

193 1685 400 1735 riearum,
451 1684 603 1739 qualia
650 1683 741 1726 suis
789 1682 1119 1725 characteribus
1162 1682 1382 1724 familiam
1418 1687 1485 1725 sat
1517 1684 1756 1739 conspicue

192 1755 448 1797 distinctam
496 1755 764 1796 constituere
813 1754 925 1795 mihi
958 1754 1275 1809 adparuerunt,
1312 1758 1355 1795 et
1389 1754 1603 1796 memoria
1635 1769 1753 1810 repe-

192 1827 315 1877 tenti,
364 1826 637 1881 quibusnam
680 1826 825 1868 modis
865 1830 932 1867 sat
964 1825 1151 1868 diversis
1185 1839 1306 1867 soros
1340 1825 1754 1880 sphaerosporarum
1783 1825 1785 1827 ’

192 1903 422 1953 generant,
467 1912 589 1939 nunc
631 1911 811 1952 quoque
849 1902 1030 1939 externe
1063 1897 1328 1947 conformes,
1364 1911 1455 1938 non
1488 1896 1613 1951 potui
1646 1897 1754 1951 quin

192 1985 245 2012 ex
293 1970 362 2011 his
411 1968 556 2011 modis
598 1968 784 2011 diversis
824 1968 1016 2023 optimos
1049 1968 1324 2021 characteres
1364 1968 1587 2010 Genericos
1619 1968 1754 2010 dedu-

191 2040 354 2083 cendos
404 2046 622 2095 putarem.
690 2039 852 2082 Utrum
901 2053 1005 2081 vero
1055 2038 1241 2089 Genera,
1277 2039 1500 2093 ejusmodi
1534 2039 1755 2081 characte-

191 2112 314 2154 ribus
349 2111 550 2161 fundata,
586 2111 675 2152 sint
706 2110 900 2153 invicem
934 2110 1154 2152 affinitate
1187 2110 1393 2164 proxima
1424 2110 1591 2165 juncta,
1628 2110 1672 2151 id
1700 2125 1755 2152 ex

190 2183 484 2238 congruentia
516 2183 650 2224 unius
684 2181 921 2236 cujusdam
955 2181 1223 2223 characteris
1246 2181 1323 2224 vix
1347 2195 1565 2236 umquam
1592 2181 1754 2223 certius

193 2259 386 2296 eruatur.
450 2253 550 2297 Jam
602 2268 748 2309 supra,
800 2253 854 2295 de
902 2252 1174 2308 Nitophyllis
1216 2252 1425 2301 scribens,
1460 2252 1656 2294 indicare
1689 2265 1752 2293 co-

192 2331 323 2367 natus
371 2340 471 2367 sum
520 2325 794 2380 quibusnam
844 2315 987 2366 modis
1036 2324 1223 2367 diversis
1269 2323 1471 2379 dispositi
1511 2323 1752 2365 obveniant

191 2398 277 2439 sori
326 2398 372 2438 in
422 2396 663 2452 Speciebus
711 2397 847 2452 hujus
894 2396 1079 2437 Generis
1113 2395 1312 2445 diversis,
1347 2399 1444 2436 tum
1478 2394 1751 2449 quibusnam

191 2468 236 2509 in
270 2474 492 2510 structura
525 2468 612 2509 sori
646 2467 948 2522 congruentiis
982 2481 1136 2508 omnes
1176 2466 1352 2521 Species
1387 2465 1750 2520 Nitophyllorum

192 2539 430 2582 convenire
464 2539 732 2581 viderentur.
798 2538 1027 2580 Consimili
1061 2537 1256 2593 quodam
1291 2536 1424 2578 modo
1454 2536 1751 2591 judicandum

192 2614 393 2663 putarem
443 2610 496 2651 de
545 2611 654 2651 soris
700 2610 744 2651 in
783 2610 881 2651 aliis
914 2609 1292 2651 Delesseriearum
1327 2607 1445 2662 typis
1477 2606 1749 2649 obvenienti-

192 2680 294 2721 bus:
344 2695 499 2723 revera
541 2680 650 2735 quid
691 2680 773 2722 sibi
809 2681 986 2723 valeant
1019 2679 1241 2735 ejusmodi
1274 2679 1548 2720 characteres
1581 2691 1663 2719 nec
1696 2691 1750 2718 ex

192 2751 336 2804 priore
370 2751 716 2806 conjiciendum,
751 2765 832 2793 nec
866 2751 1042 2792 facilius
1076 2749 1390 2791 deducendum
1418 2754 1623 2804 putarem
1646 2761 1749 2802 quo-

192 2821 322 2862 modo
372 2822 648 2865 diversitates
697 2822 784 2865 sori
829 2821 884 2864 ab
922 2822 1020 2878 ipsa
1052 2826 1274 2864 structura
1307 2819 1481 2862 frondis
1513 2818 1748 2875 provenire
