1875 3116
202 140 284 181 120
791 139 1182 183 NEURoeLosSEAE.
1425 144 1765 198 Nearoylossum.

197 257 330 299 modo
378 257 704 306 intermediam„
740 259 968 301 vindicare
1016 264 1202 302 conatus
1251 275 1362 308 sum,
1414 252 1567 304 Genus
1616 268 1767 305 tamen

199 329 291 373 hoc,
343 328 558 371 suadente
607 335 829 371 structura
870 331 1148 386 cystocaipii,
1191 346 1270 373 nec
1304 332 1604 388 Nitophylleis
1639 335 1766 389 perti-

195 414 312 446 nere,
350 414 428 441 nec
462 401 646 442 omnino
674 415 775 443 cum
800 401 995 443 Pteridio
1019 417 1277 457 congruere,
1303 418 1530 446 assumere
1554 405 1767 447 auderem

195 496 251 500 ——
285 471 319 512 si
353 485 534 526 quoque
561 472 760 526 quodam
785 478 987 528 respectu
1011 474 1287 516 characteres
1312 474 1468 517 adesse
1492 475 1763 523 viderentur,

194 542 358 596 quibus
400 556 503 583 cum
543 544 745 598 utrisque
784 544 1004 599 quasdam
1038 545 1226 600 prodere
1263 545 1489 588 videretur
1522 548 1762 602 analogias.

335 613 361 655 J
365 614 590 656 uvenilem
627 615 841 657 nimirum
875 616 1087 658 nucleum
1111 617 1227 658 intra
1249 619 1578 673 cystocarpium
1601 619 1764 661 Neuro-

192 685 326 738 glossi
375 685 629 727 observanti
680 687 789 728 mihi
840 687 1049 743 adparuit
1087 688 1208 730 hunc
1241 694 1282 730 et
1315 689 1463 744 quoad
1498 690 1764 732 evolutionis

192 755 394 797 ordinem
430 761 471 798 et
504 758 653 811 quoad
686 764 958 800 structuram
983 774 1110 801 suam
1135 749 1362 802 eifolutam
1384 765 1481 802 tum
1507 761 1763 803 Delesseriis

194 828 383 882 propriis
428 828 744 883 adproximari,
782 845 862 872 nec
896 845 996 872 cum
1033 831 1331 886 Nitophylleis
1366 832 1477 874 bene
1511 833 1761 876 convenire.

192 898 306 940 Sunt
339 899 454 941 inter
487 900 795 956 Nitopliylleas
829 902 998 957 (quales
1033 902 1164 944 hodie
1197 903 1458 958 intellectas)
1484 904 1577 959 typi
1600 904 1757 960 (Platy-

190 969 348 1012 clinite.
402 971 559 1026 hisque
605 974 821 1027 proximae
857 974 1036 1029 formae)3
1072 974 1116 1015 in
1152 974 1317 1029 quibus
1350 975 1626 1031 cystocarpia
1659 990 1762 1031 quo-

191 1040 294 1082 dam
341 1048 545 1097 respectu
587 1044 749 1098 (quoad
793 1045 1029 1100 pericarpii
1070 1046 1260 1087 formam
1295 1055 1337 1088 et
1371 1047 1762 1103 placentationem)

189 1127 291 1154 cum
326 1113 625 1169 Neuroglosso
659 1117 952 1171 congruentia
986 1116 1199 1167 dicerem;
1240 1122 1285 1159 at
1318 1118 1363 1159 in
1397 1118 1465 1159 his
1500 1118 1649 1172 ipsum
1683 1133 1760 1160 nu-

189 1184 333 1225 n'unn
368 1185 489 1226 haud
523 1186 656 1228 modo
689 1201 715 1228 a
747 1201 818 1229 me
852 1202 988 1243 supra
1021 1187 1242 1243 descripto
1272 1188 1319 1230 in
1341 1188 1640 1244 Neuroglosso
1664 1204 1760 1232 evo-

189 1255 333 1297 lutum
369 1256 478 1306 vidi;
529 1262 571 1299 et
602 1258 700 1312 ipsa
731 1258 977 1313 gemmidia
1009 1259 1286 1314 Platycliniae
1322 1260 1411 1302 vidi
1446 1260 1609 1302 eximie
1644 1262 1757 1316 pyri-

188 1327 360 1376 sormia,
396 1328 441 1369 in
474 1342 554 1370 suo
590 1329 802 1384 pedicello
837 1331 1070 1372 articulato
1106 1331 1457 1386 simpliciusculo
1491 1331 1757 1382 terminalia,

188 1397 293 1439 dum
344 1399 590 1453 gemmidia
638 1400 926 1456 Neuroglossi
973 1401 1065 1444 vidi
1102 1402 1322 1457 juvenilia
1354 1402 1545 1444 obovata
1577 1408 1655 1444 aut
1687 1403 1759 1445 ob-

187 1468 617 1524 ovato-subgl‹j)bosa‚
669 1476 711 1513 et
760 1473 1103 1514 maturescentia
1153 1474 1297 1528 magis
1341 1473 1756 1520 rotundato-ovalia,

187 1555 306 1581 nunc
341 1541 512 1595 majora
545 1556 683 1596 quam
717 1543 763 1583 in
796 1543 894 1585 aliis
928 1543 1214 1586 Delesserieis
1248 1544 1534 1586 obvenientia
1569 1544 1673 1587 Vidi.

329 1611 379 1652 In
416 1613 691 1667 Neuroylosso
726 1615 1008 1667 Be'mceriano‚
1049 1630 1186 1670 quam
1220 1617 1397 1657 unicam
1435 1615 1620 1657 Generis
1655 1615 1757 1671 Spe-

185 1684 299 1725 ciem
346 1683 665 1738 caljisuliferan‘i
716 1685 824 1727 mihi
873 1687 1099 1741 cognitam
1150 1687 1309 1735 habeQ
1348 1687 1625 1742 cystocarpia
1666 1687 1757 1730 vidi

186 1770 264 1810 per
297 1755 466 1797 l'rondis
500 1760 647 1811 partes
677 1759 928 1813 superiores
952 1759 1143 1813 sparsim
1168 1759 1489 1813 provenientia,
1518 1774 1596 1801 nec
1624 1759 1755 1801 modo

185 1827 475 1869 Pteritlioremz
517 1828 687 1883 regioni
721 1830 871 1870 costali
909 1830 1201 1885 superposita.
1268 1830 1587 1885 Pericarpinm,
1623 1831 1752 1886 quasi

185 1898 577 1940 transformatione
626 1900 766 1954 ipsius
814 1899 993 1941 laminae
1043 1900 1217 1943 frondis
1267 1902 1525 1950 formatum,
1568 1908 1755 1957 utroque

185 1969 350 2023 pariete
396 1970 564 2011 cellulis
605 1970 811 2025 plurimis
850 1972 1142 2026 superpositis
1177 1978 1219 2013 et
1252 1972 1546 2027 complanatis
1580 1978 1754 2015 contex-

184 2046 292 2088 tum,
341 2040 414 2081 sed
459 2040 628 2082 cellulis
662 2042 730 2083 his
764 2042 974 2084 omnibus
1008 2043 1200 2084 invicem
1231 2042 1520 2093 distantibus,
1554 2048 1752 2086 attamen

183 2111 370 2166 apiculis
404 2113 842 2154 anastomosantibus
876 2114 1142 2168 conjunctis.
1196 2114 1397 2155 Extimas
1431 2114 1610 2156 cellulas
1638 2117 1752 2157 l'ron-

184 2182 263 2231 dis,
299 2183 598 2237 quaternatim
633 2185 826 2239 junctas,
861 2200 955 2226 esse
989 2190 1121 2226 testes
1145 2190 1394 2234 structurae,
1419 2200 1553 2240 quam
1581 2201 1751 2242 necque

183 2269 283 2295 cum
334 2268 385 2295 ea
434 2254 692 2310 Nitopliylli,
745 2270 824 2297 nec
873 2270 975 2297 cum
1025 2262 1248 2298 structura
1307 2256 1564 2299 Delesserize
1613 2258 1749 2313 probe

183 2331 504 2377 congruentem
538 2331 657 2380 puto.

328 2396 530 2451 Denique
579 2397 632 2438 de
681 2398 790 2439 soris
849 2398 1129 2454 Neuroglossi
1181 2399 1540 2442 animadvertere
1592 2399 1746 2454 placet,

182 2466 357 2507 eosdem
409 2468 454 2508 in
503 2468 660 2509 fronde
711 2483 867 2522 parum
918 2470 1157 2524 conspicue
1200 2475 1497 2512 transmutata
1529 2472 1745 2525 generari,

184 2538 299 2578 intra
348 2543 582 2593 utramque
629 2539 838 2593 paginam
881 2541 1121 2595 oppositos,
1158 2542 1357 2595 singulos
1393 2542 1436 2582 in
1472 2556 1550 2583 sua
1585 2542 1750 2596 pagina

185 2622 338 2662 parum
386 2609 676 2663 prominulos,
719 2615 766 2651 ut
800 2610 881 2651 hoc
913 2611 1006 2665 jam
1043 2612 1167 2653 icone
1201 2611 1304 2654 data
1340 2613 1604 2655 monstravit
1638 2613 1748 2655 Kat-

183 2678 295 2733 zing.
363 2683 462 2727 (Quo
510 2695 651 2735 nsque
684 2686 906 2722 structura
943 2682 1111 2724 frondis
1146 2683 1379 2737 peculiaris
1415 2709 1467 2712 -—
1501 2689 1748 2725 anastomo-

183 2748 304 2789 >ibus
338 2751 428 2791 suis
462 2751 642 2793 cellulas
673 2752 968 2805 ,jungentibus
1010 2778 1057 2782 ἡ
1093 2753 1306 2807 perducta
1339 2753 1530 2803 obvenit,
1565 2755 1659 2809 Jam
1692 2769 1746 2796 ex

186 2819 307 2860 imno
343 2820 646 2875 Ki'itzingiana
679 2836 858 2877 quoque
893 2823 1224 2866 evidentissime
1257 2824 1480 2879 adpareat.
