1875 3116
71 90 345 146 Platyclim'a.
650 89 1045 134 NEUROGLOSSEAE.
1556 87 1636 130 107

70 209 318 253 superpositae
355 209 570 251 mipareant.
624 210 669 242 Et
704 210 801 242 lianc
827 212 1053 242 structuram
1082 208 1121 241 in
1147 208 1277 251 stipite
1304 207 1423 248 magis
1451 217 1564 249 quam
1592 206 1629 239 in

70 270 152 312 ipsa
189 268 322 301 fronde
357 268 571 302 evidentem
608 269 808 301 observare
841 268 992 301 credidi.
1046 267 1359 301 Animadverterc
1386 266 1509 309 placet
1536 265 1633 299 hanc

69 332 296 361 structuram
323 328 422 360 haud
450 339 532 361 esse
560 328 765 361 normalem
794 327 1117 370 Nitopliyllorum;
1138 327 1204 359 sed
1224 336 1353 359 revera
1371 325 1490 358 inulto
1510 324 1628 365 magis

72 387 273 421 convenire
313 398 397 420 cum
434 398 487 425 ea,
521 398 633 429 qnam
664 387 923 429 Neuroglossis
951 387 1116 430 typicam
1146 385 1286 428 putavi,
1314 394 1542 427 quamquain
1569 384 1636 417 cel>

70 446 164 479 lnlas
203 449 530 479 anastomosantes
571 445 811 487 Neumglossi
852 457 911 478 me
950 445 989 478 in
1016 444 1060 478 N.
1087 444 1252 487 stipitato
1280 455 1354 477 non
1385 443 1525 476 vidisse
1552 454 1636 477 con-

68 506 184 538 fiteor.
236 505 268 537 A
294 505 389 538 facie
417 505 591 538 frondem
617 505 835 539 observanti
863 505 1006 538 cellulae
1033 503 1287 546 quaternatim
1307 503 1448 546 juncta>
1468 503 1633 545 typicam

67 567 293 598 structuram
319 564 398 607 jam
426 564 582 606 prodere
609 565 782 598 lubenter
810 565 1079 598 meminissem.

209 624 347 658 Praeter
384 624 593 667 specimina
629 625 789 667 juniora,
829 636 912 667 quae
951 627 1088 658 nostrie
1128 624 1266 666 plantae
1299 623 1425 666 typica
1449 621 1632 664 judicavi,

66 683 139 716 alia
176 683 291 716 habui
329 694 375 716 ex
414 684 616 716 Tasmania
650 684 772 718 colore
805 683 1079 724 cmivenientia,
1107 686 1145 716 at
1171 683 1365 716 evidenter
1391 686 1456 716 aut
1481 680 1624 714 diutius

65 742 316 785 circumjecta,
344 746 408 776 aut
435 743 532 775 male
559 744 767 779 exsiccata:
794 754 877 786 quae
904 742 1148 786 cystocarpiis
1176 742 1360 775 instructa
1378 742 1464 775 vidi.
1510 741 1617 773 Struc

65 806 187 835 turam
214 801 358 835 frondis
386 801 450 835 vix
476 802 614 836 certius
642 813 687 835 ex
716 803 774 835 liis
802 803 1007 835 eruendam
1039 802 1185 844 putavi;
1229 805 1267 834 at
1293 801 1527 844 cystocarpia
1555 800 1635 834 vidi

64 861 202 894 eximie
240 864 397 899 illatura,
434 861 557 903 quoad
586 864 814 895 structuram
841 862 1058 904 primariam
1086 861 1209 894 nuclei
1240 864 1368 894 tamen
1397 860 1461 893 vix
1489 860 1633 892 consul>

64 920 196 959 tanda;
237 923 274 953 at
312 920 515 962 gemmidia
553 921 632 954 fere
671 921 740 954 rite
781 921 1003 963 pyriformia
1029 920 1067 953 in
1094 920 1261 953 articulis
1289 919 1549 952 terminalibus
1577 929 1635 960 ge-

63 979 194 1021 rentia,
221 982 258 1012 et
284 979 347 1012 fila
372 979 495 1013 nuclei
522 980 704 1013 radiantis
732 980 921 1023 fastigiata
950 980 1218 1013 monstrantia„

204 1039 266 1072 Me
279 1039 472 1081 specimen
487 1039 748 1073 authenticum
763 1039 883 1082 ipsius
900 1039 1037 1082 plant-ee
1061 1039 1297 1081 Harveyanae
1313 1038 1459 1071 nullum
1475 1037 1632 1075 vidisse.

62 1108 130 1131 nec
156 1098 195 1131 iu
222 1098 337 1131 Herb.
365 1099 406 1131 R.
435 1097 560 1141 Gunn,
589 1098 683 1132 mihi
710 1099 800 1132 olim
828 1099 926 1140 dato,
959 1098 1152 1141 specimen
1179 1098 1368 1140 quoddam
1395 1098 1628 1137 observasse,

61 1157 162 1199 quod
199 1157 336 1200 plantae
376 1158 613 1201 Harveyanae
645 1159 885 1192 referendum
913 1158 1054 1201 putavi,
1082 1157 1225 1191 dixisse
1251 1160 1436 1200 opportet.
1486 1155 1623 1189 Identi-

61 1220 176 1250 tatem
214 1216 328 1259 igitur
364 1220 502 1251 nostrae
540 1218 679 1260 plantae
718 1228 803 1251 cum
841 1218 1067 1260 Harveyana
1102 1227 1161 1250 me
1188 1216 1435 1259 supposuisse
1462 1215 1625 1249 dicerem

60 1276 108 1316 ob
145 1275 314 1318 stipitem
353 1276 557 1310 admodum
595 1277 856 1319 conspicuum,
897 1288 1010 1319 quem
1050 1277 1089 1309 in
1129 1279 1258 1309 nostra
1292 1276 1545 1308 characterem
1573 1277 1631 1307 sat

60 1335 247 1377 insignem
279 1335 413 1368 sistere
448 1336 589 1378 putavi.
642 1336 751 1377 Quod
777 1347 864 1370 vero
892 1337 993 1369 hunc
1020 1335 1190 1378 stipitem
1218 1346 1293 1368 non
1320 1337 1506 1368 costatum
1534 1333 1622 1373 vidi,

59 1393 160 1437 quod
186 1394 225 1427 in
251 1405 319 1427 sua
346 1395 475 1437 planta
500 1395 848 1428 characteristicum
874 1395 1023 1438 putavit
1048 1395 1212 1437 Harvey,
1238 1394 1275 1427 id
1295 1394 1423 1427 forsan
1442 1396 1506 1426 aut
1525 1393 1625 1427 aetati

59 1453 302 1487 tribuendum
342 1455 567 1497 plantarum,
606 1457 671 1487 aut
708 1455 837 1487 forsan
876 1454 1065 1496 adJectum
1105 1454 1223 1486 fuisse
1263 1453 1310 1486 ob
1350 1452 1621 1495 adparentiam‚

59 1523 171 1555 quam
199 1523 245 1546 ex
273 1514 333 1556 Sp.
353 1513 451 1546 male
477 1513 677 1554 exsiccato,
697 1513 797 1556 quod
816 1513 1107 1546 describendum
1126 1514 1255 1546 forsan
1273 1512 1447 1545 habuerit
1466 1512 1630 1554 Harvey.

59 1573 272 1615 Utcumque
310 1573 369 1613 sit,
409 1573 501 1606 satis
542 1576 669 1615 patere
709 1576 881 1615 putarem
918 1576 1086 1606 nostram
1118 1572 1297 1614 plantam,
1326 1571 1427 1604 haud
1455 1571 1626 1614 Speciem

57 1631 190 1665 sistere
217 1632 426 1675 Nitophylli
456 1632 634 1674 Generis,'
654 1632 720 1665 sed
747 1632 1033 1674 congenericam
1061 1631 1179 1665 videri
1208 1642 1293 1664 cum
1313 1631 1442 1673 planta
1461 1630 1626 1674 (Nitoplz.

61 1690 248 1733 Crozieri),
276 1702 391 1734 quam
417 1691 584 1734 typicam
611 1691 743 1734 putavi
771 1691 910 1725 Generi
937 1702 1047 1732 novo,
1076 1691 1188 1724 hodie
1214 1690 1415 1733 descripto.

87 1811 126 1852 2.
197 1809 336 1851 PLAT.
361 1810 609 1851 Cssozfflfflt
639 1811 701 1861 (J.
723 1810 803 1864 Ay.
822 1814 962 1861 mser.)
1001 1810 1052 1851 N.
1078 1808 1288 1852 Orozierz‘el
1311 1809 1446 1850 Harv.
1472 1808 1615 1862 Grypt.

200 1880 389 1923 Antarct.
420 1896 462 1934 p.
497 1884 584 1923 166
622 1881 722 1923 Tab.
763 1880 1071 1923 CLXXVII!

199 1964 235 1997 Si
274 1964 426 2006 quidem
464 1975 510 1998 ex
549 1965 682 1998 habitu
721 1968 878 1998 externo
917 1965 962 1998 de
1002 1964 1200 1998 identitate
1240 1963 1384 2007 Speciei
1423 1963 1622 2005 cujusdam

56 2023 361 2066 Nitophyllorum
386 2024 571 2066 judicium
597 2024 788 2066 quoddam
816 2025 913 2057 ferre
940 2024 1080 2065 liceret,
1108 2026 1277 2057 nostram
1305 2023 1472 2065 plantam
1498 2022 1624 2065 (quam

55 2093 101 2116 ex
140 2083 246 2117 Nova
283 2083 487 2116 Hollandia
525 2084 596 2117 sub
634 2094 696 2117 nze
734 2084 755 2117 3
786 2083 906 2126 (1889)
941 2086 977 2116 et
1009 2084 1080 2116 sub
1107 2083 1151 2116 75
1177 2082 1296 2126 (1837)
1322 2093 1343 2116 a
1370 2082 1620 2125 Bracebridge

56 2141 201 2175 Wilson
229 2142 383 2175 missam
411 2143 548 2183 habui),
576 2154 663 2176 cum
687 2143 796 2177 icone
820 2143 874 2185 (in
903 2142 1213 2190 Ονμρῄᾼηέανοέ.
1233 2141 1319 2175 data
1347 2140 1423 2175 Nz't.
1447 2140 1620 2175 Groz‘ierii

59 2199 141 2234 Tab.
172 2199 411 2242 CLXXVII)
448 2202 535 2235 data
570 2202 720 2244 plantae,
748 2213 794 2235 ex
823 2202 994 2235 Hermite
1022 2202 1149 2235 Island
1177 2201 1223 2234 ad
1251 2201 1339 2244 Gap.
1369 2202 1474 2233 Horn
1502 2201 1617 2242 lectae,

55 2260 258 2294 identicam
285 2264 468 2303 putarem.
511 2262 568 2295 Ita
594 2272 724 2295 revera
750 2262 928 2295 omnibus
954 2261 1121 2295 numeris
1142 2261 1288 2294 iconem
1308 2260 1430 2302 quoad
1450 2260 1623 2294 habitum

53 2319 254 2353 convenire
280 2320 443 2353 dicerem
470 2331 557 2354 cum
583 2324 712 2354 nostra
739 2322 879 2364 planta,
908 2324 949 2354 ut
976 2321 1045 2354 ho(-
1075 2325 1246 2363 respectu
1278 2320 1372 2353 nihil
1394 2319 1625 2353 animadver-

53 2379 210 2412 tendum
245 2378 420 2420 equidem
456 2379 644 2413 haberem.
695 2381 740 2413 In
766 2381 873 2414 icone
902 2381 1127 2422 Harveyana
1154 2380 1247 2412 duas
1276 2380 1416 2412 forinas
1443 2379 1614 2420 ejusdem

53 2437 191 2480 speciei
230 2438 398 2480 depictas
438 2438 581 2477 videas;
622 2442 659 2472 et
696 2440 892 2482 utriusque
931 2440 1060 2472 formae
1100 2438 1310 2481 specimina
1346 2442 1474 2471 nostra
1511 2438 1618 2481 quasi

55 2496 204 2540 depicta
231 2497 412 2531 crederes.

195 2556 347 2589 Plantas
375 2559 511 2595 autem,
540 2557 796 2591 exterioribus
823 2558 942 2600 signis
971 2569 1014 2591 eo
1043 2568 1161 2599 usque
1188 2560 1449 2599 (ssmgruentes,
1474 2557 1624 2591 differre

52 2615 331 2649 characteribus
359 2626 405 2649 ex
432 2619 620 2650 structura
646 2620 683 2650 et
710 2617 1012 2651 fructificationis
1041 2616 1166 2649 indole
1196 2616 1322 2658 petitis
1350 2620 1499 2657 egomet
1519 2627 1616 2657 aegre

52 2674 349 2716 supposuissem.
409 2675 539 2708 Potius
588 2676 862 2719 suspicandum
908 2676 998 2709 mihi
1045 2675 1265 2718 adparuisse
1309 2676 1489 2709 confiteor
1532 2674 1622 2721 Har}
1654 2681 1657 2683 ’

53 2743 200 2775 veyum,
240 2733 370 2767 habitu
410 2735 595 2768 exteriore
633 2735 789 2768 ductum
828 2746 936 2768 suam
984 2735 1162 2777 plantam,
1197 2734 1446 2768 suadentibus
1472 2746 1622 2778 quoque

52 2791 165 2832 soris,
194 2792 364 2834 Speciem
391 2793 605 2827 evidentem
633 2794 842 2837 Nitophylli
872 2794 1147 2831 conside1·asse;
1175 2793 1267 2826 milii
1287 2797 1424 2835 autem,
1446 2794 1626 2829 informa

51 2850 166 2885 Novae
202 2851 415 2885 Hollandiae
453 2852 596 2886 nullam
634 2854 799 2897 speciem
837 2857 946 2886 antea
972 2852 1200 2895 descriptam
1229 2853 1343 2896 hujus
1371 2854 1534 2896 regionis
1563 2865 1601 2888 re
