1875 3116
224 95 304 136 146
805 96 1203 138 BorRYooARPEAE.
1547 100 1777 141 Holmesz'a.

217 213 573 255 characteristica
620 214 788 269 putavi,
839 214 1093 257 observanti
1143 216 1266 266 mihi,
1307 231 1475 260 novum
1510 218 1662 261 Genus
1696 219 1780 261 evi-

218 284 374 326 denter
408 285 550 340 magis
583 285 640 327 ad
672 285 947 341 Nitophylla.
991 301 1127 342 quam
1161 287 1217 329 ad
1251 288 1545 332 Delesserieas
1579 291 1780 346 proprias

217 356 426 398 accedere
460 356 666 398 dicerem.
722 357 943 400 Nucleum
977 358 1191 400 nimirum
1222 360 1268 401 in
1292 361 1510 404 Holmesz‘a
1532 361 1778 410 observavi,

214 428 331 469 intra
363 429 662 483 pericarpium
697 443 829 470 suum
863 430 1095 485 proprium
1128 436 1404 486 generatum,
1430 432 1667 475 suffultum
1692 433 1779 488 pla-

218 504 347 541 centa
379 500 572 555 propria,
608 514 634 542 a
666 501 814 542 medio
848 501 970 543 disco
1002 502 1214 544 inferiore
1248 503 1483 559 pericarpii
1512 504 1778 559 egrediente,

214 575 257 612 et
302 586 494 627 superne
534 572 579 613 in
613 586 762 614 ramos
795 572 945 628 plures
978 579 1021 615 et
1053 574 1204 616 firmos
1237 574 1480 617 admodum
1516 577 1779 632 conspicuos

213 642 465 693 subdivisa.;
502 658 556 686 ex
589 643 777 699 singulis
805 644 874 686 his
898 645 1033 687 ramis
1056 645 1130 686 fila
1153 646 1485 701 gemmidiifera
1508 647 1781 702 egredientia

215 714 306 756 vidi
352 715 397 756 in
437 715 673 757 fasciculos
707 716 900 764 collecta,
937 716 1034 758 aliis
1067 717 1202 759 ramis
1236 718 1523 773 longioribus,
1559 719 1655 760 aliis
1688 719 1777 760 bre-

213 786 424 835 vioribus,
461 786 637 828 filorum
671 787 882 829 inferiore
915 794 1039 843 parte
1073 788 1341 831 articulatim
1365 789 1607 841 subdivisa,
1633 805 1777 846 supre—

212 858 296 899 mis
329 858 527 900 articulis
561 858 745 901 clavatis
778 859 822 900 in
857 859 1152 914 gemmidium
1186 861 1432 916 pyriforme
1454 863 1776 904 transmutatis.

214 930 342 971 Patet
375 930 458 971 hoc
491 934 724 972 structurae
757 931 1011 973 charactere
1045 931 1324 974 Holmesiam
1359 933 1507 988 potius
1534 947 1637 975 cum
1660 933 1779 974 Nito-

211 1001 402 1056 phylleis
448 1002 699 1053 convenire,
747 1016 882 1057 quam
918 1017 1020 1044 cum
1054 1003 1351 1046 Delesserieis.
1417 1005 1659 1046 Praesentia
1691 1005 1779 1060 pla-

209 1078 349 1114 centae
394 1073 672 1116 Holmesiam
715 1088 740 1115 a
773 1074 1002 1116 nonnullis
1036 1074 1132 1117 aliis
1165 1076 1471 1130 (Platych'm'a)
1503 1076 1696 1125 differre,
1731 1077 1776 1118 in

212 1145 377 1200 quibus
425 1145 499 1186 fila
545 1145 877 1200 gemmidiifera
919 1161 944 1187 a
989 1151 1125 1188 strato
1164 1147 1261 1202 ipso
1298 1148 1509 1189 inferiore
1542 1149 1775 1203 pericarpii

212 1216 486 1271 egredientia
518 1217 623 1265 vidi,
658 1217 741 1258 1100
774 1216 869 1259 1000
902 1232 1082 1272 quoque
1114 1219 1372 1260 meminisse
1406 1219 1562 1274 placet.

351 1288 662 1330 Consideranti
698 1289 914 1344 maJ'orem
949 1289 1178 1344 quandam
1213 1290 1303 1331 vim
1330 1291 1492 1345 saepius
1516 1291 1774 1332 attributam

212 1360 352 1402 fuisse
401 1360 733 1402 characteribus
782 1360 985 1403 deductis
1033 1375 1059 1402 a
1097 1361 1230 1403 modo
1265 1361 1454 1412 diverso,
1489 1376 1578 1416 (1110
1611 1363 1698 1404 sori
1731 1363 1774 1403 in

207 1431 494 1473 Delesserieis
542 1432 708 1474 evoluti
755 1436 798 1474 et
837 1432 1039 1488 dispositi
1074 1432 1331 1488 adpareant,
1367 1448 1547 1488 quoque
1580 1434 1775 1475 animad-

209 1503 473 1545 vertendum
525 1503 752 1546 videretur
799 1517 921 1545 soros
969 1503 1212 1545 Holmesiae
1259 1505 1383 1547 vario
1431 1510 1632 1560 respectu
1673 1519 1772 1546 cun]

207 1573 293 1615 illis
344 1575 657 1630 Βοὴ-10001110)
705 1576 964 1626 convenire;
1014 1579 1057 1617 et
1103 1575 1187 1616 hoc
1235 1575 1417 1630 quidem
1466 1591 1556 1617 non
1599 1581 1772 1618 tantum

210 1645 358 1700 quoad
392 1660 517 1688 suam
553 1646 782 1702 propriam
816 1650 1100 1697 structuram,
1136 1646 1213 1688 sed
1246 1648 1377 1689 etiam
1403 1647 1549 1702 quoad
1575 1647 1772 1697 modum,

206 1731 295 1772 quo
343 1723 616 1772 generantur
660 1718 704 1759 in
740 1718 918 1773 organis
951 1718 1141 1773 propriae
1174 1718 1349 1768 indolis,
1386 1724 1428 1760 et
1460 1719 1620 1760 horum
1655 1734 1772 1775 orga-

208 1803 368 1830 norum
404 1789 695 1844 dispositione
728 1790 774 1831 in
809 1789 965 1831 fronde
989 1790 1396 1845 sphaerosporifera.
1448 1790 1548 1838 Quo
1571 1795 1773 1846 respectu

209 1860 467 1902 meminisse
501 1861 647 1916 placet
678 1875 846 1916 organa
868 1886 923 1891 ——-
948 1866 1042 1902 tum
1078 1862 1351 1916 cystocarlt›ia
1380 1862 1652 1916 generantia,
1677 1868 1771 1903 tum

210 1932 396 1974 sorifera
428 1957 485 1962 -
517 1933 563 1973 in
613 1937 802 1987 utroque
851 1932 1023 1974 Genere
1064 1932 1210 1974 dicere
1243 1933 1372 1974 licere
1404 1933 1450 1974 in
1483 1933 1605 1974 hunc
1637 1933 1770 1975 finem

208 2008 367 2053 creata,
418 2007 572 2058 utpote
620 2004 754 2045 modo
803 2003 886 2045 sibi
935 2004 1115 2059 proprio
1157 2018 1183 2044 a
1220 2003 1379 2060 fronde
1412 2004 1691 2059 pullulantia,
1726 2005 1770 2045 in

210 2074 464 2130 caespitulos
510 2076 709 2116 minutos
748 2075 941 2117 collecta.
978 2079 1020 2116 et
1054 2075 1242 2118 formam
1278 2075 1359 2116 sibi
1395 2075 1618 2130 propriam
1655 2090 1772 2117 assu-

206 2146 387 2187 mentia.
453 2146 613 2202 Phylla
661 2146 859 2194 sorifeia
910 2146 943 2187 si
993 2145 1147 2187 eadem
1198 2146 1258 2187 ita
1302 2146 1590 2188 denominare
1632 2146 1769 2195 liceat,

204 2222 310 2258 sunt
357 2223 490 2260 ovata
537 2221 615 2259 aut
663 2216 1001 2265 subrotundata,
1051 2217 1168 2258 intra
1209 2218 1458 2271 marginem
1492 2218 1567 2259 vix
1602 2219 1769 2273 conspi-

206 2303 339 2330 cuum
385 2303 532 2331 aream
572 2289 784 2343 utrinque
817 2288 1095 2329 fructiferam
1131 2289 1400 2343 generantia.
1466 2288 1517 2329 ln
1551 2290 1768 2331 Holmesm

204 2360 319 2401 lianc
368 2375 516 2402 aream
563 2361 657 2401 fere
695 2365 831 2402 totam
868 2365 1070 2401 constare
1103 2359 1193 2401 vidi
1229 2359 1313 2401 filis
1346 2359 1635 2409 tenuioribus,
1670 2374 1770 2414 quae

207 2446 228 2471 a
265 2431 434 2473 cellulis
468 2431 736 2487 quibusdam
773 2431 948 2473 costalis
983 2431 1174 2485 regionis
1207 2431 1341 2486 paulo
1374 2431 1620 2485 majoribus
1653 2445 1767 2486 egre-

202 2502 382 2551 dientia,
428 2508 616 2545 stratum
654 2503 883 2558 proprium
922 2507 1154 2544 externum
1195 2502 1467 2557 sporopliylli
1503 2503 1769 2543 constituere

205 2574 425 2615 videntur,
497 2574 614 2616 Inter
661 2574 735 2615 fila
782 2574 889 2624 hac,
925 2573 1166 2615 admodum
1209 2574 1372 2621 tenuia,
1408 2574 1494 2615 alia
1526 2573 1581 2614 ad
1615 2587 1766 2623 unam,

197 2645 278 2685 0110
336 2645 391 2686 0(1
443 2646 625 2687 alteram
677 2647 886 2701 paginam
935 2645 1156 2692 exeuntia„
1193 2644 1523 2699 spliau‘osporas
1556 2644 1767 2699 singulas,

204 2717 329 2769 qnasi
383 2717 423 2757 in
476 2731 553 2758 sua
604 2731 777 2758 camera
828 2717 1009 2771 propria.
1046 2715 1313 2760 nidulantes,
1350 2716 1569 2770 triangule
1602 2715 1767 2757 divisas

206 2786 459 2829 obervari:
516 2788 608 2841 ipsa
663 2789 728 2829 fila
783 2788 955 2828 inscrnc
1004 2787 1362 2841 siinpliciuscrla.
1413 2787 1536 2841 apice
1585 2786 1766 2827 densius
