1875 3116
210 99 296 139 234
863 97 1117 139 PTERIDIAE.
1517 97 1768 153 Caloylossa.

209 216 475 272 adparatum
509 216 555 257 in
589 215 854 272 Caloglossis
888 216 998 271 quin
1031 217 1169 258 immo
1203 217 1523 259 evidentiorem
1556 231 1693 273 quam
1726 218 1772 258 in

209 288 306 329 aliis
354 287 463 328 mihi
512 285 700 342 cognitis
744 287 1117 330 Delesseriearum
1153 288 1401 330 Generibus
1435 288 1664 331 evolutum
1698 288 1772 331 ob-

210 359 373 408 venire,
409 372 500 400 non
533 372 717 414 possum
751 359 860 414 quin
893 359 1026 401 hodie
1068 373 1289 401 moneam.
1355 359 1407 400 ln
1438 359 1598 402 fronde
1631 360 1773 415 magis

207 429 397 485 juvenili
430 429 696 485 Caloglossae
724 431 839 472 hanc
862 435 1131 473 structuram
1155 430 1426 486 peculiarem
1448 431 1601 473 forsan
1623 431 1773 473 minus

209 501 500 557 conspicuam
527 527 573 531 ——
601 505 799 544 attamen
833 502 1149 557 suspicandam
1183 501 1388 552 dicerem,
1418 506 1570 557 utpote
1594 502 1773 544 cellulas

209 573 382 614 alarum
430 572 685 628 (radiantes)
733 573 1002 616 alternantes
1045 573 1138 616 vidi
1170 574 1216 615 in
1249 572 1383 616 radiis
1416 573 1586 624 vicinis,
1622 578 1664 615 et
1696 572 1773 616 cel-

210 644 322 686 lulas
364 644 525 685 harum
560 644 782 687 breviores
815 645 963 700 plures
997 645 1183 700 singulis
1217 644 1386 687 cellulis
1419 650 1643 687 costarum
1677 659 1774 687 con-

210 715 361 771 spicue
409 715 684 771 longioribus
732 717 1004 772 antepositas
1050 716 1285 759 observare
1318 715 1447 758 liceat
1478 742 1530 746 ——
1567 716 1684 771 quod
1719 716 1773 758 ad

210 787 374 829 dictam
428 787 728 830 evolutionem
782 788 1030 830 conducere
1083 787 1256 830 facilius
1309 787 1620 842 suspicaretur.
1696 787 1775 830 De-

210 873 335 900 mum
381 872 485 901 vero
529 858 646 901 hanc
685 863 954 901 structuram
986 860 1033 901 in
1067 859 1223 901 fronde
1256 858 1472 901 adultiore
1506 858 1770 914 Caloglossae

210 945 347 984 quam
396 930 592 972 maxime
634 931 923 986 conspicuam
963 931 1057 972 fieri
1090 935 1133 973 et
1165 930 1293 986 quasi
1326 929 1382 972 ad
1415 944 1648 972 excessum
1682 944 1774 985 per-

210 1001 392 1043 ductam
425 1001 648 1052 obvenire,
685 1016 774 1043 non
808 1003 932 1057 potui
966 1002 1075 1057 quin
1105 1002 1209 1043 huic
1233 1002 1395 1043 Generi
1419 1016 1556 1056 quam
1579 1001 1775 1043 maxime

210 1072 619 1114 characteristicum
653 1077 869 1128 putarem.
921 1072 1109 1122 Qualem
1145 1073 1260 1114 hanc
1294 1077 1560 1115 structuram
1585 1073 1631 1114 in
1656 1072 1776 1114 Calo-

210 1144 369 1198 glossa,
414 1144 524 1186 soris
569 1144 980 1199 spliae1·os12›orarum
1015 1144 1095 1186 rite
1130 1143 1318 1186 evolutis
1349 1144 1567 1186 instructa
1599 1144 1776 1186 obveni-

211 1220 359 1257 entem
395 1215 498 1266 vidi,
533 1215 666 1257 talem
700 1215 1027 1258 observandam
1063 1215 1268 1265 dicerem,
1309 1219 1358 1256 ut
1390 1215 1470 1257 rite
1504 1215 1777 1270 intelligatur

211 1301 344 1342 quem
379 1286 435 1328 ad
469 1287 605 1328 finem
638 1286 874 1342 peculiaris
908 1287 1001 1329 heeo
1035 1292 1258 1329 structura
1288 1287 1335 1327 in
1369 1286 1596 1328 nonnullis
1630 1286 1776 1328 Deles-

211 1358 361 1400 serieis
410 1358 459 1400 fit
506 1358 634 1413 quasi
679 1359 941 1400 necessaria.
1008 1358 1059 1399 [n
1092 1358 1413 1413 speciminibus
1446 1357 1661 1399 nimirum
1693 1358 1775 1400 rite

211 1430 408 1471 sorit‘eris
457 1429 723 1484 (fialoglossae
761 1429 929 1471 cellulae
963 1430 1164 1485 propriae,
1201 1429 1530 1484 sphferosporas
1563 1443 1772 1484 generan-

211 1506 288 1551 tes,
323 1501 431 1556 ipsae
464 1500 721 1556 gelatinosae
754 1501 986 1556 adparent,
1029 1506 1072 1542 at
1105 1501 1349 1556 cinguntur
1381 1500 1564 1542 reticulo
1598 1500 1771 1543 eviden-

211 1572 382 1614 tissimo
415 1572 592 1613 filorum
625 1573 1072 1621 anastomosantium,
1108 1572 1272 1627 quibus
1301 1576 1442 1613 totum
1468 1586 1619 1613 sorum
1644 1572 1771 1626 quasi

211 1644 427 1686 contineri
463 1648 654 1699 putares.
720 1643 842 1692 Quin
886 1644 1038 1694 immo,
1074 1644 1110 1685 si
1143 1643 1445 1698 suspicionem
1478 1643 1593 1684 ferre
1626 1643 1776 1684 liceret

213 1715 266 1757 de
310 1729 407 1766 usu,
451 1715 508 1756 ad
541 1730 673 1770 quem
710 1715 826 1757 hanc
860 1720 1128 1757 structuram
1164 1719 1361 1769 spectare
1396 1713 1632 1764 videretur,
1667 1714 1777 1755 mihi

211 1787 471 1841 adparuisse
505 1786 696 1828 dicerem
731 1791 874 1828 totum
910 1787 1031 1828 hunc
1064 1786 1330 1841 adparatum
1365 1785 1420 1827 ad
1444 1785 1775 1840 sphaerosporas

212 1873 234 1900 c
283 1873 381 1900 soro
430 1858 685 1913 ejiciendas,
736 1872 814 1899 suo
864 1858 1043 1913 proprio
1093 1857 1226 1899 modo
1258 1871 1439 1912 quoque
1472 1856 1673 1898 conferre
1707 1856 1776 1898 de-

212 1929 314 1971 bere
335 1929 384 1983 ³³²).
460 1930 580 1971 Dum
633 1935 787 1971 contra
842 1930 887 1970 in
940 1929 1236 1984 Hypoglossis
1290 1927 1375 1969 alio
1428 1933 1627 1983 tempore
1679 1927 1777 1970 aliae

357 2098 389 2134 ²¹²)
415 2098 656 2140 Comparanti
687 2098 777 2130 mihi
805 2109 911 2131 >tows
938 2100 1046 2130 {etate
1072 2097 1252 2136 diversos,
1280 2096 1408 2138 quales
1436 2096 1588 2128 eosdem
1616 2096 1654 2128 in
1677 2095 1773 2129 (mo-

209 2158 325 2202 ylossa
357 2156 563 2200 Lepriearii
590 2157 789 2189 observare
817 2157 970 2198 credidi,
1002 2168 1076 2189 uon
1105 2155 1208 2198 potui
1236 2155 1327 2197 quin
1353 2158 1580 2188 structuram
1601 2155 1672 2188 sub
1691 2155 1773 2188 aliis

213 2217 454 2251 evolutiouiis
493 2217 626 2250 stadiis
665 2217 865 2258 diversam,
908 2216 999 2249 mihi
1040 2215 1228 2258 explicare
1255 2226 1420 2248 conarer.
1472 2215 1568 2247 Dum
1597 2214 1776 2247 nimirum

213 2277 364 2309 twisden}
393 2276 516 2309 adhuc
542 2276 710 2317 juna-»ros
740 2276 812 2309 vidi
842 2278 1069 2309 structuram
1098 2285 1213 2317 supra
1238 2274 1465 2316 descriptam
1494 2273 1639 2313 offerre,
1673 2273 1765 2306 nimi

215 2348 294 2369 rum
324 2336 422 2368 intra
448 2336 601 2368 cellulas
629 2336 818 2368 radiantes
848 2335 991 2367 alarum
1020 2335 1302 2376 sphaerosporas
1330 2333 1408 2366 ficri
1436 2335 1642 2374 generatas,
1675 2333 1775 2375 ipsas

215 2406 301 2429 vero
328 2395 481 2428 venulas
510 2395 651 2428 fertiles
679 2395 819 2427 vinctas
848 2394 1028 2427 obvenire
1056 2393 1211 2426 reticulo
1240 2392 1390 2435 proprio
1424 2392 1571 2425 filorum
1606 2391 1777 2425 tenuissi-

215 2466 376 2491 morum:
420 2458 550 2496 post-ea
589 2466 686 2494 vero,
727 2454 819 2496 ipsis
858 2452 1132 2496 spinososljoris
1170 2452 1249 2494 jam
1289 2451 1430 2494 ejectis,
1462 2462 1590 2484 sorum
1618 2461 1777 2484 vacuum

214 2514 445 2556 ‹wunpaiwiiiti
486 2513 588 2553 mihi,
626 2514 705 2546 lmw
736 2513 797 2546 fila
825 2512 968 2546 reticuli
999 2511 1194 2544 exterioris
1222 2514 1287 2544 aut
1312 2510 1535 2551 deficientia,
1563 2512 1627 2543 aut
1653 2510 1777 2542 saltim

216 2573 339 2605 minus
379 2573 593 2615 coiispivua,
634 2576 698 2605 aut
737 2572 847 2605 inodo
886 2572 1050 2613 quodam
1091 2571 1241 2613 proprio
1278 2572 1539 2607 transmutata,
1569 2580 1643 2601 nou
1672 2568 1774 2611 potui

215 2633 304 2673 ‹luiu
332 2632 544 2674 suspicarer
570 2635 796 2665 structuram
828 2635 1009 2665 mutatam
1038 2631 1200 2673 quodam
1223 2631 1333 2663 modo
1354 2640 1438 2662 cum
1458 2628 1642 2669 ejectione
1661 2627 1776 2670 sphae-

215 2702 453 2732 r‹›sp‹›1·211·1uu
494 2692 691 2724 coliauviv.
744 2691 867 2730 Quum
910 2690 1087 2723 nimirum
1129 2690 1164 2722 in
1205 2700 1290 2721 soro
1324 2689 1599 2721 maturescente
1625 2685 1777 2719 cellulas

216 2750 488 2792 splnerosporis
528 2751 701 2790 gravidas
736 2753 814 2782 tum
844 2750 944 2792 ipsas
974 2749 1092 2788 magis
1119 2748 1346 2790 gelatinosas
1375 2746 1462 2787 vidi,
1488 2749 1569 2779 tum
1596 2745 1776 2787 adparatu

217 2809 367 2850 proprio
396 2809 536 2841 rotieuli
567 2809 762 2842 exterioris
790 2809 948 2845 vinctam
977 2808 1127 2840 easdem
1154 2818 1242 2839 vero
1261 2807 1413 2839 cellulas
1432 2807 1518 2848 post
1536 2803 1777 2837 emissionem

215 2868 573 2910 sp]nvi-os}›ora1·111n,
603 2872 643 2901 ut
670 2868 763 2901 mihi
790 2867 974 2912 zulparuit,
1007 2866 1166 2901 transire
1191 2867 1230 2900 in
1256 2866 1410 2899 cellulas
1435 2863 1565 2908 quales
1587 2863 1626 2895 in
1644 2862 1777 2896 fronde
