<?xml version="1.0" encoding="UTF-8"?>
<!DOCTYPE html PUBLIC "-//W3C//DTD XHTML 1.0 Transitional//EN"
    "http://www.w3.org/TR/xhtml1/DTD/xhtml1-transitional.dtd">
<html xmlns="http://www.w3.org/1999/xhtml" xml:lang="en" lang="en">
 <head>
  <title>
</title>
<meta http-equiv="Content-Type" content="text/html;charset=utf-8" />
  <meta name='ocr-system' content='tesseract 3.04.00' />
  <meta name='ocr-capabilities' content='ocr_page ocr_carea ocr_par ocr_line ocrx_word'/>
</head>
<body>
  <div class='ocr_page' id='page_1' title='image "./speciesgeneraeto0303agar_0120.png"; bbox 0 0 1875 3116; ppageno 0'>
   <div class='ocr_carea' id='block_1_1' title="bbox 204 89 1760 147">
    <p class='ocr_par' dir='ltr' id='par_1_1' title="bbox 204 89 1760 147">
     <span class='ocr_line' id='line_1_1' title="bbox 204 89 1760 147; baseline 0.001 -16"><span class='ocrx_word' id='word_1_1' title='bbox 204 90 285 132; x_wconf 87' lang='grc'>106</span> <span class='ocrx_word' id='word_1_2' title='bbox 786 89 1177 132; x_wconf 78' lang='lat' dir='ltr'>NEUROGLOSSEAE.</span> <span class='ocrx_word' id='word_1_3' title='bbox 1481 91 1760 147; x_wconf 73' lang='lat' dir='ltr'>Platyclim&#39;a.</span> 
     </span>
    </p>
   </div>
   <div class='ocr_carea' id='block_1_2' title="bbox 194 207 1762 1123">
    <p class='ocr_par' dir='ltr' id='par_1_2' title="bbox 194 207 1762 1123">
     <span class='ocr_line' id='line_1_2' title="bbox 197 207 1759 264; baseline 0.001 -14"><span class='ocrx_word' id='word_1_4' title='bbox 197 207 541 256; x_wconf 77' lang='lat' dir='ltr'>characteribus,</span> <span class='ocrx_word' id='word_1_5' title='bbox 591 207 755 262; x_wconf 85' lang='lat' dir='ltr'>quibus</span> <span class='ocrx_word' id='word_1_6' title='bbox 804 222 893 249; x_wconf 90' lang='lat' dir='ltr'>non</span> <span class='ocrx_word' id='word_1_7' title='bbox 942 208 1067 262; x_wconf 89' lang='lat' dir='ltr'>pot&#39;ui</span> <span class='ocrx_word' id='word_1_8' title='bbox 1115 208 1225 263; x_wconf 83' lang='lat' dir='ltr'>quin</span> <span class='ocrx_word' id='word_1_9' title='bbox 1268 209 1484 264; x_wconf 82' lang='lat' dir='ltr'>majorem</span> <span class='ocrx_word' id='word_1_10' title='bbox 1517 211 1759 252; x_wconf 79' lang='lat' dir='ltr'>tribuerem</span> 
     </span>
     <span class='ocr_line' id='line_1_3' title="bbox 199 277 1759 334; baseline 0.002 -14"><span class='ocrx_word' id='word_1_11' title='bbox 199 280 302 327; x_wconf 75' lang='lat' dir='ltr'>vim,</span> <span class='ocrx_word' id='word_1_12' title='bbox 354 279 568 320; x_wconf 89' lang='lat' dir='ltr'>nimirum</span> <span class='ocrx_word' id='word_1_13' title='bbox 616 277 906 334; x_wconf 69' lang='lat' dir='ltr'>dispositione</span> <span class='ocrx_word' id='word_1_14' title='bbox 953 279 1214 321; x_wconf 81' lang='lat' dir='ltr'>cellularum</span> <span class='ocrx_word' id='word_1_15' title='bbox 1252 280 1458 322; x_wconf 80' lang='lat' dir='ltr'>frondem</span> <span class='ocrx_word' id='word_1_16' title='bbox 1492 282 1759 324; x_wconf 85' lang='lat' dir='ltr'>constituen-</span> 
     </span>
     <span class='ocr_line' id='line_1_4' title="bbox 198 350 1761 407; baseline 0.001 -15"><span class='ocrx_word' id='word_1_17' title='bbox 198 351 323 399; x_wconf 87' lang='lat' dir='ltr'>tium,</span> <span class='ocrx_word' id='word_1_18' title='bbox 370 364 459 404; x_wconf 85' lang='lat' dir='ltr'>quo</span> <span class='ocrx_word' id='word_1_19' title='bbox 497 354 701 405; x_wconf 86' lang='lat' dir='ltr'>respectu</span> <span class='ocrx_word' id='word_1_20' title='bbox 734 350 999 405; x_wconf 75' lang='lat' dir='ltr'>Platyclinia</span> <span class='ocrx_word' id='word_1_21' title='bbox 1032 351 1331 406; x_wconf 82' lang='lat' dir='ltr'>Neuroglossa</span> <span class='ocrx_word' id='word_1_22' title='bbox 1363 365 1530 401; x_wconf 88' lang='lat' dir='ltr'>versus,</span> <span class='ocrx_word' id='word_1_23' title='bbox 1565 352 1761 407; x_wconf 83' lang='lat' dir='ltr'>quodam</span> 
     </span>
     <span class='ocr_line' id='line_1_5' title="bbox 200 420 1762 478; baseline 0.002 -16"><span class='ocrx_word' id='word_1_24' title='bbox 200 421 331 463; x_wconf 90' lang='lat' dir='ltr'>modo</span> <span class='ocrx_word' id='word_1_25' title='bbox 364 420 593 463; x_wconf 74' lang='lat' dir='ltr'>tendentia</span> <span class='ocrx_word' id='word_1_26' title='bbox 625 421 837 472; x_wconf 80' lang='lat' dir='ltr'>dicerem3</span> <span class='ocrx_word' id='word_1_27' title='bbox 868 425 909 464; x_wconf 90' lang='lat' dir='ltr'>et</span> <span class='ocrx_word' id='word_1_28' title='bbox 932 422 1029 477; x_wconf 90' lang='lat' dir='ltr'>ipsa</span> <span class='ocrx_word' id='word_1_29' title='bbox 1051 421 1391 477; x_wconf 88' lang='lat' dir='ltr'>placentatione,</span> <span class='ocrx_word' id='word_1_30' title='bbox 1416 437 1553 478; x_wconf 88' lang='lat' dir='ltr'>quam</span> <span class='ocrx_word' id='word_1_31' title='bbox 1582 425 1762 466; x_wconf 90' lang='lat' dir='ltr'>nomine</span> 
     </span>
     <span class='ocr_line' id='line_1_6' title="bbox 197 492 1762 543; baseline 0.001 -9"><span class='ocrx_word' id='word_1_32' title='bbox 197 493 360 534; x_wconf 83' lang='lat' dir='ltr'>Generi</span> <span class='ocrx_word' id='word_1_33' title='bbox 394 492 496 534; x_wconf 90' lang='lat' dir='ltr'>dato</span> <span class='ocrx_word' id='word_1_34' title='bbox 528 493 773 535; x_wconf 84' lang='lat' dir='ltr'>indicatam</span> <span class='ocrx_word' id='word_1_35' title='bbox 808 494 939 536; x_wconf 83' lang='lat' dir='ltr'>volui.</span> <span class='ocrx_word' id='word_1_36' title='bbox 996 493 1128 543; x_wconf 79' lang='lat' dir='ltr'>Quod</span> <span class='ocrx_word' id='word_1_37' title='bbox 1161 494 1319 536; x_wconf 79' lang='lat' dir='ltr'>attinet</span> <span class='ocrx_word' id='word_1_38' title='bbox 1351 499 1621 536; x_wconf 85' lang='lat' dir='ltr'>structuram</span> <span class='ocrx_word' id='word_1_39' title='bbox 1644 495 1762 537; x_wconf 79' lang='lat' dir='ltr'>fron-</span> 
     </span>
     <span class='ocr_line' id='line_1_7' title="bbox 197 564 1762 621; baseline 0.002 -16"><span class='ocrx_word' id='word_1_40' title='bbox 197 564 278 614; x_wconf 81' lang='lat' dir='ltr'>(lis,</span> <span class='ocrx_word' id='word_1_41' title='bbox 327 578 353 605; x_wconf 92' lang='lat' dir='ltr'>a</span> <span class='ocrx_word' id='word_1_42' title='bbox 399 564 670 619; x_wconf 86' lang='lat' dir='ltr'>Nitophyllis</span> <span class='ocrx_word' id='word_1_43' title='bbox 716 564 952 615; x_wconf 86' lang='lat' dir='ltr'>diversam,</span> <span class='ocrx_word' id='word_1_44' title='bbox 1001 565 1227 608; x_wconf 89' lang='lat' dir='ltr'>monuisse</span> <span class='ocrx_word' id='word_1_45' title='bbox 1266 565 1410 621; x_wconf 88' lang='lat' dir='ltr'>placet</span> <span class='ocrx_word' id='word_1_46' title='bbox 1442 565 1632 607; x_wconf 89' lang='lat' dir='ltr'>eandem</span> <span class='ocrx_word' id='word_1_47' title='bbox 1664 581 1762 608; x_wconf 91' lang='lat' dir='ltr'>con-</span> 
     </span>
     <span class='ocr_line' id='line_1_8' title="bbox 196 636 1762 693; baseline 0.001 -16"><span class='ocrx_word' id='word_1_48' title='bbox 196 636 400 691; x_wconf 79' lang='lat' dir='ltr'>spicuam</span> <span class='ocrx_word' id='word_1_49' title='bbox 448 636 542 677; x_wconf 88' lang='lat' dir='ltr'>fieri</span> <span class='ocrx_word' id='word_1_50' title='bbox 589 637 682 692; x_wconf 84' lang='lat' dir='ltr'>jam</span> <span class='ocrx_word' id='word_1_51' title='bbox 730 637 777 677; x_wconf 94' lang='lat' dir='ltr'>in</span> <span class='ocrx_word' id='word_1_52' title='bbox 818 636 979 679; x_wconf 78' lang='lat' dir='ltr'>fronde</span> <span class='ocrx_word' id='word_1_53' title='bbox 1017 652 1042 679; x_wconf 85' lang='lat' dir='ltr'>a</span> <span class='ocrx_word' id='word_1_54' title='bbox 1076 637 1190 678; x_wconf 75' lang='lat' dir='ltr'>facie</span> <span class='ocrx_word' id='word_1_55' title='bbox 1223 636 1459 679; x_wconf 86' lang='lat' dir='ltr'>observata</span> <span class='ocrx_word' id='word_1_56' title='bbox 1489 637 1587 692; x_wconf 83' lang='lat' dir='ltr'>ipsa</span> <span class='ocrx_word' id='word_1_57' title='bbox 1619 637 1762 693; x_wconf 92' lang='lat' dir='ltr'>dispo-</span> 
     </span>
     <span class='ocr_line' id='line_1_9' title="bbox 196 707 1761 764; baseline 0.001 -15"><span class='ocrx_word' id='word_1_58' title='bbox 196 707 355 750; x_wconf 84' lang='lat' dir='ltr'>sitione</span> <span class='ocrx_word' id='word_1_59' title='bbox 403 707 665 750; x_wconf 82' lang='lat' dir='ltr'>cellularum</span> <span class='ocrx_word' id='word_1_60' title='bbox 709 709 1008 764; x_wconf 85' lang='lat' dir='ltr'>paginalium;</span> <span class='ocrx_word' id='word_1_61' title='bbox 1043 723 1155 764; x_wconf 81' lang='lat' dir='ltr'>quas</span> <span class='ocrx_word' id='word_1_62' title='bbox 1188 709 1235 750; x_wconf 92' lang='lat' dir='ltr'>in</span> <span class='ocrx_word' id='word_1_63' title='bbox 1268 707 1544 764; x_wconf 86' lang='lat' dir='ltr'>Platycliniis</span> <span class='ocrx_word' id='word_1_64' title='bbox 1577 708 1761 750; x_wconf 90' lang='lat' dir='ltr'>demum</span> 
     </span>
     <span class='ocr_line' id='line_1_10' title="bbox 196 779 1760 836; baseline 0.001 -16"><span class='ocrx_word' id='word_1_65' title='bbox 196 779 384 821; x_wconf 80' lang='lat' dir='ltr'>binatim</span> <span class='ocrx_word' id='word_1_66' title='bbox 432 783 510 822; x_wconf 90' lang='lat' dir='ltr'>aut</span> <span class='ocrx_word' id='word_1_67' title='bbox 557 781 859 835; x_wconf 84' lang='lat' dir='ltr'>quateruatim</span> <span class='ocrx_word' id='word_1_68' title='bbox 905 782 1096 836; x_wconf 85' lang='lat' dir='ltr'>junctas,</span> <span class='ocrx_word' id='word_1_69' title='bbox 1149 781 1241 822; x_wconf 79' lang='lat' dir='ltr'>fere</span> <span class='ocrx_word' id='word_1_70' title='bbox 1289 779 1457 822; x_wconf 82' lang='lat' dir='ltr'>diceres</span> <span class='ocrx_word' id='word_1_71' title='bbox 1495 779 1627 822; x_wconf 89' lang='lat' dir='ltr'>modo</span> <span class='ocrx_word' id='word_1_72' title='bbox 1660 780 1760 822; x_wconf 88' lang='lat' dir='ltr'>Por-</span> 
     </span>
     <span class='ocr_line' id='line_1_11' title="bbox 195 851 1762 909; baseline 0.001 -17"><span class='ocrx_word' id='word_1_73' title='bbox 195 853 361 909; x_wconf 70' lang='lat' dir='ltr'>phyrae,</span> <span class='ocrx_word' id='word_1_74' title='bbox 397 851 517 907; x_wconf 83' lang='lat' dir='ltr'>quod</span> <span class='ocrx_word' id='word_1_75' title='bbox 551 852 678 893; x_wconf 85' lang='lat' dir='ltr'>oculo</span> <span class='ocrx_word' id='word_1_76' title='bbox 713 856 837 894; x_wconf 90' lang='lat' dir='ltr'>sueto</span> <span class='ocrx_word' id='word_1_77' title='bbox 869 853 963 907; x_wconf 82' lang='lat' dir='ltr'>jam</span> <span class='ocrx_word' id='word_1_78' title='bbox 997 851 1299 894; x_wconf 78' lang='lat' dir='ltr'>differentiam</span> <span class='ocrx_word' id='word_1_79' title='bbox 1327 851 1513 906; x_wconf 86' lang='lat' dir='ltr'>prodere</span> <span class='ocrx_word' id='word_1_80' title='bbox 1537 851 1762 894; x_wconf 85' lang='lat' dir='ltr'>videretur</span> 
     </span>
     <span class='ocr_line' id='line_1_12' title="bbox 194 922 1760 978; baseline -0.002 -11"><span class='ocrx_word' id='word_1_81' title='bbox 194 939 221 967; x_wconf 86' lang='lat' dir='ltr'>a</span> <span class='ocrx_word' id='word_1_82' title='bbox 267 928 491 966; x_wconf 84' lang='lat' dir='ltr'>structura</span> <span class='ocrx_word' id='word_1_83' title='bbox 538 923 918 978; x_wconf 85' lang='lat' dir='ltr'>Nitophyllorum,</span> <span class='ocrx_word' id='word_1_84' title='bbox 968 923 1059 965; x_wconf 89' lang='lat' dir='ltr'>suis</span> <span class='ocrx_word' id='word_1_85' title='bbox 1108 922 1277 965; x_wconf 90' lang='lat' dir='ltr'>cellulis</span> <span class='ocrx_word' id='word_1_86' title='bbox 1316 922 1598 978; x_wconf 86' lang='lat' dir='ltr'>paginalibus</span> <span class='ocrx_word' id='word_1_87' title='bbox 1633 923 1760 965; x_wconf 86' lang='lat' dir='ltr'>hexa-</span> 
     </span>
     <span class='ocr_line' id='line_1_13' title="bbox 194 994 905 1052; baseline -0.003 -14"><span class='ocrx_word' id='word_1_88' title='bbox 194 995 554 1052; x_wconf 84' lang='lat' dir='ltr'>gono-angulatis</span> <span class='ocrx_word' id='word_1_89' title='bbox 591 994 905 1050; x_wconf 70' lang='lat' dir='ltr'>dignoscenda,</span> 
     </span>
     <span class='ocr_line' id='line_1_14' title="bbox 338 1065 1613 1123; baseline -0.002 -13"><span class='ocrx_word' id='word_1_90' title='bbox 338 1067 515 1123; x_wconf 82' lang='lat' dir='ltr'>Species</span> <span class='ocrx_word' id='word_1_91' title='bbox 549 1066 823 1121; x_wconf 78' lang='lat' dir='ltr'>Platycliniae</span> <span class='ocrx_word' id='word_1_92' title='bbox 856 1066 967 1108; x_wconf 85' lang='lat' dir='ltr'>mihi</span> <span class='ocrx_word' id='word_1_93' title='bbox 1001 1065 1132 1108; x_wconf 86' lang='lat' dir='ltr'>hodie</span> <span class='ocrx_word' id='word_1_94' title='bbox 1166 1071 1402 1121; x_wconf 86' lang='lat' dir='ltr'>sequentes</span> <span class='ocrx_word' id='word_1_95' title='bbox 1436 1066 1613 1121; x_wconf 85' lang='lat' dir='ltr'>putavi:</span> 
     </span>
    </p>
   </div>
   <div class='ocr_carea' id='block_1_3' title="bbox 229 1197 1761 1614">
    <p class='ocr_par' dir='ltr' id='par_1_3' title="bbox 229 1197 1761 1541">
     <span class='ocr_line' id='line_1_15' title="bbox 229 1197 1761 1252; baseline -0.001 -11"><span class='ocrx_word' id='word_1_96' title='bbox 229 1203 262 1241; x_wconf 89' lang='lat'>1.</span> <span class='ocrx_word' id='word_1_97' title='bbox 336 1199 473 1240; x_wconf 67' lang='lat' dir='ltr'>PLAT.</span> <span class='ocrx_word' id='word_1_98' title='bbox 510 1212 755 1239; x_wconf 74' lang='lat' dir='ltr'>s⁷r1P1TATA</span> <span class='ocrx_word' id='word_1_99' title='bbox 804 1198 868 1250; x_wconf 84' lang='lat' dir='ltr'>(J.</span> <span class='ocrx_word' id='word_1_100' title='bbox 903 1197 984 1251; x_wconf 74' lang='lat' dir='ltr'>Ay.</span> <span class='ocrx_word' id='word_1_101' title='bbox 1019 1198 1163 1251; x_wconf 74' lang='lat' dir='ltr'>mser.)</span> <span class='ocrx_word' id='word_1_102' title='bbox 1214 1197 1576 1247; x_wconf 88' lang='lat' dir='ltr'>roseo-coccinea,</span> <span class='ocrx_word' id='word_1_103' title='bbox 1626 1211 1761 1252; x_wconf 87' lang='lat' dir='ltr'>supra</span> 
     </span>
     <span class='ocr_line' id='line_1_16' title="bbox 337 1267 1759 1326; baseline -0.002 -14"><span class='ocrx_word' id='word_1_104' title='bbox 337 1270 534 1326; x_wconf 87' lang='lat' dir='ltr'>stipitem</span> <span class='ocrx_word' id='word_1_105' title='bbox 567 1269 863 1324; x_wconf 85' lang='lat' dir='ltr'>conspicuum</span> <span class='ocrx_word' id='word_1_106' title='bbox 892 1268 1118 1310; x_wconf 86' lang='lat' dir='ltr'>cuneatim</span> <span class='ocrx_word' id='word_1_107' title='bbox 1142 1282 1341 1324; x_wconf 85' lang='lat' dir='ltr'>expansa</span> <span class='ocrx_word' id='word_1_108' title='bbox 1362 1268 1410 1309; x_wconf 91' lang='lat' dir='ltr'>in</span> <span class='ocrx_word' id='word_1_109' title='bbox 1434 1267 1638 1310; x_wconf 78' lang='lat' dir='ltr'>frondem</span> <span class='ocrx_word' id='word_1_110' title='bbox 1661 1268 1759 1310; x_wconf 90' lang='lat' dir='ltr'>sub-</span> 
     </span>
     <span class='ocr_line' id='line_1_17' title="bbox 336 1339 1759 1395; baseline -0.003 -10"><span class='ocrx_word' id='word_1_111' title='bbox 336 1341 703 1385; x_wconf 78' lang='lat' dir='ltr'>flabelliformiter</span> <span class='ocrx_word' id='word_1_112' title='bbox 736 1340 979 1390; x_wconf 75' lang='lat' dir='ltr'>dilatatam,</span> <span class='ocrx_word' id='word_1_113' title='bbox 1014 1340 1190 1381; x_wconf 78' lang='lat' dir='ltr'>inferne</span> <span class='ocrx_word' id='word_1_114' title='bbox 1221 1339 1542 1395; x_wconf 84' lang='lat' dir='ltr'>subintegram,</span> <span class='ocrx_word' id='word_1_115' title='bbox 1568 1353 1759 1395; x_wconf 89' lang='lat' dir='ltr'>superne</span> 
     </span>
     <span class='ocr_line' id='line_1_18' title="bbox 336 1411 1758 1466; baseline -0.003 -10"><span class='ocrx_word' id='word_1_116' title='bbox 336 1416 382 1456; x_wconf 90' lang='lat' dir='ltr'>in</span> <span class='ocrx_word' id='word_1_117' title='bbox 424 1413 606 1456; x_wconf 87' lang='lat' dir='ltr'>lacinias</span> <span class='ocrx_word' id='word_1_118' title='bbox 644 1426 907 1454; x_wconf 91' lang='lat' dir='ltr'>numerosas</span> <span class='ocrx_word' id='word_1_119' title='bbox 947 1411 1399 1453; x_wconf 71' lang='lat' dir='ltr'>lanceolato-lineares</span> <span class='ocrx_word' id='word_1_120' title='bbox 1431 1411 1556 1466; x_wconf 84' lang='lat' dir='ltr'>apice</span> <span class='ocrx_word' id='word_1_121' title='bbox 1589 1415 1758 1453; x_wconf 89' lang='lat' dir='ltr'>attenu-</span> 
     </span>
     <span class='ocr_line' id='line_1_19' title="bbox 336 1483 1757 1541; baseline -0.003 -12"><span class='ocrx_word' id='word_1_122' title='bbox 336 1492 431 1529; x_wconf 87' lang='lat' dir='ltr'>atas</span> <span class='ocrx_word' id='word_1_123' title='bbox 478 1484 782 1541; x_wconf 72' lang='lat' dir='ltr'>pedatifidam,</span> <span class='ocrx_word' id='word_1_124' title='bbox 833 1484 943 1526; x_wconf 89' lang='lat' dir='ltr'>soris</span> <span class='ocrx_word' id='word_1_125' title='bbox 985 1498 1064 1539; x_wconf 82' lang='lat' dir='ltr'>per</span> <span class='ocrx_word' id='word_1_126' title='bbox 1095 1487 1235 1525; x_wconf 89' lang='lat' dir='ltr'>totam</span> <span class='ocrx_word' id='word_1_127' title='bbox 1267 1483 1548 1538; x_wconf 85' lang='lat' dir='ltr'>superficiem</span> <span class='ocrx_word' id='word_1_128' title='bbox 1581 1483 1757 1537; x_wconf 83' lang='lat' dir='ltr'>sparsis.</span> 
     </span>
    </p>

    <p class='ocr_par' dir='ltr' id='par_1_4' title="bbox 479 1566 1625 1614">
     <span class='ocr_line' id='line_1_20' title="bbox 479 1566 1625 1614; baseline -0.003 -10"><span class='ocrx_word' id='word_1_129' title='bbox 479 1570 740 1614; x_wconf 79' lang='lat' dir='ltr'>Nitophyllum</span> <span class='ocrx_word' id='word_1_130' title='bbox 767 1569 981 1612; x_wconf 86' lang='lat' dir='ltr'>stipitatum</span> <span class='ocrx_word' id='word_1_131' title='bbox 1010 1566 1127 1601; x_wconf 80' lang='lat' dir='ltr'>Harv.</span> <span class='ocrx_word' id='word_1_132' title='bbox 1157 1570 1196 1602; x_wconf 80' lang='lat' dir='ltr'>in</span> <span class='ocrx_word' id='word_1_133' title='bbox 1221 1566 1280 1601; x_wconf 76' lang='lat' dir='ltr'>Fc.</span> <span class='ocrx_word' id='word_1_134' title='bbox 1312 1566 1427 1601; x_wconf 79' lang='lat' dir='ltr'>Tasm.</span> <span class='ocrx_word' id='word_1_135' title='bbox 1451 1577 1489 1610; x_wconf 64' lang='grc' dir='ltr'>Ι).</span> <span class='ocrx_word' id='word_1_136' title='bbox 1517 1567 1625 1600; x_wconf 79' lang='lat'><em>312.‘?</em></span> 
     </span>
    </p>
   </div>
   <div class='ocr_carea' id='block_1_4' title="bbox 406 1638 1759 1756">
    <p class='ocr_par' dir='ltr' id='par_1_5' title="bbox 406 1638 1759 1756">
     <span class='ocr_line' id='line_1_21' title="bbox 407 1638 1759 1693; baseline -0.004 -8"><span class='ocrx_word' id='word_1_137' title='bbox 407 1642 524 1684; x_wconf 75' lang='lat' dir='ltr'>Hah.</span> <span class='ocrx_word' id='word_1_138' title='bbox 571 1641 628 1684; x_wconf 86' lang='lat' dir='ltr'>ad</span> <span class='ocrx_word' id='word_1_139' title='bbox 676 1641 780 1682; x_wconf 88' lang='lat' dir='ltr'>Port</span> <span class='ocrx_word' id='word_1_140' title='bbox 827 1639 962 1682; x_wconf 88' lang='lat' dir='ltr'>Elliot</span> <span class='ocrx_word' id='word_1_141' title='bbox 1009 1639 1265 1682; x_wconf 83' lang='lat' dir='ltr'>Australiae:</span> <span class='ocrx_word' id='word_1_142' title='bbox 1317 1639 1423 1681; x_wconf 90' lang='lat' dir='ltr'>Miss</span> <span class='ocrx_word' id='word_1_143' title='bbox 1466 1638 1664 1693; x_wconf 86' lang='lat' dir='ltr'>Husseyl</span> <span class='ocrx_word' id='word_1_144' title='bbox 1705 1653 1759 1681; x_wconf 83' lang='lat' dir='ltr'>ex</span> 
     </span>
     <span class='ocr_line' id='line_1_22' title="bbox 406 1711 1081 1756; baseline -0.003 -1"><span class='ocrx_word' id='word_1_145' title='bbox 406 1713 666 1756; x_wconf 86' lang='lat' dir='ltr'>Tasmania:</span> <span class='ocrx_word' id='word_1_146' title='bbox 702 1713 809 1754; x_wconf 88' lang='lat' dir='ltr'>Miss</span> <span class='ocrx_word' id='word_1_147' title='bbox 843 1711 1081 1754; x_wconf 89' lang='lat' dir='ltr'>Meredithl</span> 
     </span>
    </p>
   </div>
   <div class='ocr_carea' id='block_1_5' title="bbox 191 1795 1759 2913">
    <p class='ocr_par' dir='ltr' id='par_1_6' title="bbox 191 1795 1759 2496">
     <span class='ocr_line' id='line_1_23' title="bbox 336 1795 1759 1841; baseline -0.001 -10"><span class='ocrx_word' id='word_1_148' title='bbox 336 1799 520 1832; x_wconf 79' lang='lat' dir='ltr'>Frondem</span> <span class='ocrx_word' id='word_1_149' title='bbox 561 1801 712 1841; x_wconf 83' lang='lat' dir='ltr'>putares</span> <span class='ocrx_word' id='word_1_150' title='bbox 752 1796 962 1840; x_wconf 81' lang='lat' dir='ltr'>Nitophylli</span> <span class='ocrx_word' id='word_1_151' title='bbox 1001 1795 1200 1839; x_wconf 83' lang='lat' dir='ltr'>cujusdam</span> <span class='ocrx_word' id='word_1_152' title='bbox 1236 1796 1371 1837; x_wconf 84' lang='lat' dir='ltr'>avenii,</span> <span class='ocrx_word' id='word_1_153' title='bbox 1399 1796 1528 1839; x_wconf 87' lang='lat' dir='ltr'>stipite</span> <span class='ocrx_word' id='word_1_154' title='bbox 1553 1796 1759 1829; x_wconf 87' lang='lat' dir='ltr'>admodum</span> 
     </span>
     <span class='ocr_line' id='line_1_24' title="bbox 193 1856 1758 1899; baseline -0.002 -7"><span class='ocrx_word' id='word_1_155' title='bbox 193 1859 349 1893; x_wconf 75' lang='lat' dir='ltr'>notabili</span> <span class='ocrx_word' id='word_1_156' title='bbox 387 1860 611 1891; x_wconf 79' lang='lat' dir='ltr'>instructam</span> <span class='ocrx_word' id='word_1_157' title='bbox 644 1858 759 1899; x_wconf 88' lang='lat' dir='ltr'>(hunc</span> <span class='ocrx_word' id='word_1_158' title='bbox 792 1856 889 1890; x_wconf 85' lang='lat' dir='ltr'>dixit</span> <span class='ocrx_word' id='word_1_159' title='bbox 916 1857 1068 1899; x_wconf 86' lang='lat' dir='ltr'>Harvey</span> <span class='ocrx_word' id='word_1_160' title='bbox 1094 1856 1134 1889; x_wconf 89' lang='lat' dir='ltr'>in</span> <span class='ocrx_word' id='word_1_161' title='bbox 1160 1867 1229 1889; x_wconf 83' lang='lat' dir='ltr'>sua</span> <span class='ocrx_word' id='word_1_162' title='bbox 1254 1856 1508 1898; x_wconf 84' lang='lat' dir='ltr'>descriptione</span> <span class='ocrx_word' id='word_1_163' title='bbox 1534 1866 1617 1890; x_wconf 88' lang='lat' dir='ltr'>esse</span> <span class='ocrx_word' id='word_1_164' title='bbox 1644 1859 1758 1890; x_wconf 86' lang='lat' dir='ltr'>costa-</span> 
     </span>
     <span class='ocr_line' id='line_1_25' title="bbox 192 1916 1758 1960; baseline -0.002 -8"><span class='ocrx_word' id='word_1_165' title='bbox 192 1922 284 1959; x_wconf 88' lang='lat' dir='ltr'>tum,</span> <span class='ocrx_word' id='word_1_166' title='bbox 324 1918 423 1960; x_wconf 80' lang='lat' dir='ltr'>quod</span> <span class='ocrx_word' id='word_1_167' title='bbox 462 1918 590 1950; x_wconf 75' lang='lat' dir='ltr'>forsan</span> <span class='ocrx_word' id='word_1_168' title='bbox 626 1920 691 1950; x_wconf 89' lang='lat' dir='ltr'>aut</span> <span class='ocrx_word' id='word_1_169' title='bbox 730 1920 849 1958; x_wconf 71' lang='lat' dir='ltr'>zetate,</span> <span class='ocrx_word' id='word_1_170' title='bbox 886 1919 951 1949; x_wconf 86' lang='lat' dir='ltr'>aut</span> <span class='ocrx_word' id='word_1_171' title='bbox 977 1916 1241 1949; x_wconf 76' lang='lat' dir='ltr'>exsicca-tionis</span> <span class='ocrx_word' id='word_1_172' title='bbox 1269 1916 1381 1949; x_wconf 88' lang='lat' dir='ltr'>modo</span> <span class='ocrx_word' id='word_1_173' title='bbox 1409 1916 1572 1958; x_wconf 88' lang='lat' dir='ltr'>pendere</span> <span class='ocrx_word' id='word_1_174' title='bbox 1598 1916 1758 1949; x_wconf 79' lang='lat' dir='ltr'>forsitan</span> 
     </span>
     <span class='ocr_line' id='line_1_26' title="bbox 191 1975 1758 2021; baseline -0.002 -9"><span class='ocrx_word' id='word_1_175' title='bbox 191 1977 376 2021; x_wconf 84' lang='lat' dir='ltr'>suspicari</span> <span class='ocrx_word' id='word_1_176' title='bbox 403 1977 531 2010; x_wconf 78' lang='lat' dir='ltr'>liceret</span> <span class='ocrx_word' id='word_1_177' title='bbox 559 1996 599 1999; x_wconf 89' lang='lat'><strong>—</strong></span> <span class='ocrx_word' id='word_1_178' title='bbox 627 1976 666 2009; x_wconf 90' lang='lat' dir='ltr'>in</span> <span class='ocrx_word' id='word_1_179' title='bbox 694 1979 821 2009; x_wconf 81' lang='lat' dir='ltr'>nostra</span> <span class='ocrx_word' id='word_1_180' title='bbox 849 1976 977 2018; x_wconf 86' lang='lat' dir='ltr'>planta</span> <span class='ocrx_word' id='word_1_181' title='bbox 1003 1975 1172 2018; x_wconf 83' lang='lat' dir='ltr'>stipitem</span> <span class='ocrx_word' id='word_1_182' title='bbox 1200 1986 1275 2008; x_wconf 88' lang='lat' dir='ltr'>non</span> <span class='ocrx_word' id='word_1_183' title='bbox 1294 1975 1366 2008; x_wconf 82' lang='lat' dir='ltr'>nisi</span> <span class='ocrx_word' id='word_1_184' title='bbox 1388 1976 1508 2008; x_wconf 77' lang='lat' dir='ltr'>forma</span> <span class='ocrx_word' id='word_1_185' title='bbox 1526 1986 1547 2008; x_wconf 87' lang='lat' dir='ltr'>a</span> <span class='ocrx_word' id='word_1_186' title='bbox 1565 1975 1758 2018; x_wconf 81' lang='lat' dir='ltr'>superiore</span> 
     </span>
     <span class='ocr_line' id='line_1_27' title="bbox 192 2035 1758 2078; baseline -0.001 -8"><span class='ocrx_word' id='word_1_187' title='bbox 192 2037 325 2071; x_wconf 80' lang='lat' dir='ltr'>fronde</span> <span class='ocrx_word' id='word_1_188' title='bbox 351 2036 573 2070; x_wconf 80' lang='lat' dir='ltr'>distinctum</span> <span class='ocrx_word' id='word_1_189' title='bbox 601 2035 705 2077; x_wconf 80' lang='lat' dir='ltr'>vidi);</span> <span class='ocrx_word' id='word_1_190' title='bbox 734 2046 847 2078; x_wconf 88' lang='lat' dir='ltr'>supra</span> <span class='ocrx_word' id='word_1_191' title='bbox 876 2036 975 2068; x_wconf 78' lang='lat' dir='ltr'>hunc</span> <span class='ocrx_word' id='word_1_192' title='bbox 1003 2035 1171 2078; x_wconf 83' lang='lat' dir='ltr'>stipitem</span> <span class='ocrx_word' id='word_1_193' title='bbox 1195 2038 1254 2068; x_wconf 82' lang='lat' dir='ltr'>sat</span> <span class='ocrx_word' id='word_1_194' title='bbox 1272 2035 1519 2077; x_wconf 83' lang='lat' dir='ltr'>conspicuum</span> <span class='ocrx_word' id='word_1_195' title='bbox 1537 2035 1618 2077; x_wconf 83' lang='lat' dir='ltr'>(sua</span> <span class='ocrx_word' id='word_1_196' title='bbox 1637 2035 1758 2068; x_wconf 81' lang='lat' dir='ltr'>forma</span> 
     </span>
     <span class='ocr_line' id='line_1_28' title="bbox 192 2094 1752 2138; baseline -0.001 -9"><span class='ocrx_word' id='word_1_197' title='bbox 192 2100 229 2130; x_wconf 85' lang='lat' dir='ltr'>et</span> <span class='ocrx_word' id='word_1_198' title='bbox 267 2096 502 2138; x_wconf 79' lang='lat' dir='ltr'>longitudine</span> <span class='ocrx_word' id='word_1_199' title='bbox 540 2096 666 2129; x_wconf 84' lang='lat' dir='ltr'>saltim</span> <span class='ocrx_word' id='word_1_200' title='bbox 705 2094 986 2138; x_wconf 69' lang='lat' dir='ltr'>semipollicari)</span> <span class='ocrx_word' id='word_1_201' title='bbox 1024 2094 1101 2128; x_wconf 83' lang='lat' dir='ltr'>vidi</span> <span class='ocrx_word' id='word_1_202' title='bbox 1129 2094 1301 2127; x_wconf 75' lang='lat' dir='ltr'>frondem</span> <span class='ocrx_word' id='word_1_203' title='bbox 1329 2094 1519 2127; x_wconf 76' lang='lat' dir='ltr'>cuneatim</span> <span class='ocrx_word' id='word_1_204' title='bbox 1546 2094 1752 2134; x_wconf 73' lang='lat' dir='ltr'>dilatatam,</span> 
     </span>
     <span class='ocr_line' id='line_1_29' title="bbox 192 2153 1757 2199; baseline -0.002 -10"><span class='ocrx_word' id='word_1_205' title='bbox 192 2167 355 2199; x_wconf 75' lang='lat' dir='ltr'>superne</span> <span class='ocrx_word' id='word_1_206' title='bbox 393 2155 450 2189; x_wconf 86' lang='lat' dir='ltr'>bis</span> <span class='ocrx_word' id='word_1_207' title='bbox 490 2155 664 2198; x_wconf 84' lang='lat' dir='ltr'>pollicem</span> <span class='ocrx_word' id='word_1_208' title='bbox 703 2155 829 2197; x_wconf 90' lang='lat' dir='ltr'>latam,</span> <span class='ocrx_word' id='word_1_209' title='bbox 868 2154 1016 2187; x_wconf 70' lang='lat' dir='ltr'>inferne</span> <span class='ocrx_word' id='word_1_210' title='bbox 1051 2153 1266 2196; x_wconf 83' lang='lat' dir='ltr'>indivisam,</span> <span class='ocrx_word' id='word_1_211' title='bbox 1300 2154 1387 2187; x_wconf 89' lang='lat' dir='ltr'>dein</span> <span class='ocrx_word' id='word_1_212' title='bbox 1416 2164 1503 2187; x_wconf 88' lang='lat' dir='ltr'>vero</span> <span class='ocrx_word' id='word_1_213' title='bbox 1529 2153 1691 2187; x_wconf 83' lang='lat' dir='ltr'>divisam</span> <span class='ocrx_word' id='word_1_214' title='bbox 1718 2154 1757 2187; x_wconf 91' lang='lat' dir='ltr'>in</span> 
     </span>
     <span class='ocr_line' id='line_1_30' title="bbox 193 2213 1757 2256; baseline -0.002 -7"><span class='ocrx_word' id='word_1_215' title='bbox 193 2216 347 2249; x_wconf 86' lang='lat' dir='ltr'>lacinias</span> <span class='ocrx_word' id='word_1_216' title='bbox 376 2226 596 2249; x_wconf 83' lang='lat' dir='ltr'>numerosas</span> <span class='ocrx_word' id='word_1_217' title='bbox 624 2216 701 2248; x_wconf 76' lang='lat' dir='ltr'>fere</span> <span class='ocrx_word' id='word_1_218' title='bbox 727 2214 1017 2255; x_wconf 82' lang='lat' dir='ltr'>obtusiusculas,</span> <span class='ocrx_word' id='word_1_219' title='bbox 1046 2224 1233 2256; x_wconf 83' lang='lat' dir='ltr'>nusquam</span> <span class='ocrx_word' id='word_1_220' title='bbox 1261 2216 1373 2247; x_wconf 77' lang='lat' dir='ltr'>costae</span> <span class='ocrx_word' id='word_1_221' title='bbox 1401 2213 1599 2256; x_wconf 83' lang='lat' dir='ltr'>cujusdam</span> <span class='ocrx_word' id='word_1_222' title='bbox 1618 2213 1757 2247; x_wconf 84' lang='lat' dir='ltr'>indicia</span> 
     </span>
     <span class='ocr_line' id='line_1_31' title="bbox 193 2273 1755 2317; baseline 0 -9"><span class='ocrx_word' id='word_1_223' title='bbox 193 2278 458 2309; x_wconf 69' lang='lat' dir='ltr'>monstrantes</span> <span class='ocrx_word' id='word_1_224' title='bbox 511 2274 649 2315; x_wconf 72' lang='lat' dir='ltr'>Quales</span> <span class='ocrx_word' id='word_1_225' title='bbox 677 2275 792 2317; x_wconf 83' lang='lat' dir='ltr'>hujus</span> <span class='ocrx_word' id='word_1_226' title='bbox 818 2274 956 2317; x_wconf 76' lang='lat' dir='ltr'>speciei</span> <span class='ocrx_word' id='word_1_227' title='bbox 985 2274 1133 2317; x_wconf 84' lang='lat' dir='ltr'>plantas</span> <span class='ocrx_word' id='word_1_228' title='bbox 1161 2273 1249 2315; x_wconf 78' lang='lat' dir='ltr'>vidi,</span> <span class='ocrx_word' id='word_1_229' title='bbox 1281 2273 1433 2306; x_wconf 85' lang='lat' dir='ltr'>easdem</span> <span class='ocrx_word' id='word_1_230' title='bbox 1458 2273 1627 2315; x_wconf 85' lang='lat' dir='ltr'>juniores</span> <span class='ocrx_word' id='word_1_231' title='bbox 1654 2277 1755 2316; x_wconf 60' lang='lat' dir='ltr'>puta&lt;</span> 
     </span>
     <span class='ocr_line' id='line_1_32' title="bbox 193 2333 1755 2376; baseline 0 -9"><span class='ocrx_word' id='word_1_232' title='bbox 193 2346 282 2375; x_wconf 83' lang='lat' dir='ltr'>rem,</span> <span class='ocrx_word' id='word_1_233' title='bbox 322 2346 428 2367; x_wconf 87' lang='lat' dir='ltr'>roseo</span> <span class='ocrx_word' id='word_1_234' title='bbox 468 2338 531 2367; x_wconf 86' lang='lat' dir='ltr'>aut</span> <span class='ocrx_word' id='word_1_235' title='bbox 567 2334 741 2367; x_wconf 82' lang='lat' dir='ltr'>coccineo</span> <span class='ocrx_word' id='word_1_236' title='bbox 777 2334 899 2367; x_wconf 88' lang='lat' dir='ltr'>colore</span> <span class='ocrx_word' id='word_1_237' title='bbox 926 2334 1105 2376; x_wconf 81' lang='lat' dir='ltr'>insignes,</span> <span class='ocrx_word' id='word_1_238' title='bbox 1133 2337 1169 2367; x_wconf 85' lang='lat' dir='ltr'>et</span> <span class='ocrx_word' id='word_1_239' title='bbox 1197 2336 1327 2376; x_wconf 84' lang='lat' dir='ltr'>utpote</span> <span class='ocrx_word' id='word_1_240' title='bbox 1351 2336 1407 2375; x_wconf 70' lang='lat' dir='ltr'>(ut</span> <span class='ocrx_word' id='word_1_241' title='bbox 1432 2333 1672 2375; x_wconf 75' lang='lat' dir='ltr'>conjicerem)</span> <span class='ocrx_word' id='word_1_242' title='bbox 1697 2333 1755 2367; x_wconf 91' lang='lat' dir='ltr'>ad-</span> 
     </span>
     <span class='ocr_line' id='line_1_33' title="bbox 193 2392 1755 2433; baseline -0.001 -6"><span class='ocrx_word' id='word_1_243' title='bbox 193 2394 346 2427; x_wconf 82' lang='lat' dir='ltr'>modum</span> <span class='ocrx_word' id='word_1_244' title='bbox 375 2404 558 2433; x_wconf 71' lang='lat' dir='ltr'>mucosaS,</span> <span class='ocrx_word' id='word_1_245' title='bbox 586 2394 725 2427; x_wconf 63' lang='lat' dir='ltr'>chartae</span> <span class='ocrx_word' id='word_1_246' title='bbox 753 2397 853 2427; x_wconf 86' lang='lat' dir='ltr'>arcte</span> <span class='ocrx_word' id='word_1_247' title='bbox 879 2394 1115 2427; x_wconf 75' lang='lat' dir='ltr'>adhaerentes</span> <span class='ocrx_word' id='word_1_248' title='bbox 1144 2393 1231 2427; x_wconf 88' lang='lat' dir='ltr'>vidi.</span> <span class='ocrx_word' id='word_1_249' title='bbox 1283 2392 1605 2426; x_wconf 82' lang='lat' dir='ltr'>Fructificationes</span> <span class='ocrx_word' id='word_1_250' title='bbox 1631 2392 1755 2425; x_wconf 83' lang='lat' dir='ltr'>incho-</span> 
     </span>
     <span class='ocr_line' id='line_1_34' title="bbox 192 2451 1753 2496; baseline -0.001 -10"><span class='ocrx_word' id='word_1_251' title='bbox 192 2456 299 2486; x_wconf 80' lang='lat' dir='ltr'>antes</span> <span class='ocrx_word' id='word_1_252' title='bbox 333 2464 398 2496; x_wconf 88' lang='lat' dir='ltr'>per</span> <span class='ocrx_word' id='word_1_253' title='bbox 429 2453 668 2496; x_wconf 79' lang='lat' dir='ltr'>superficiem</span> <span class='ocrx_word' id='word_1_254' title='bbox 701 2464 851 2496; x_wconf 80' lang='lat' dir='ltr'>sparsas</span> <span class='ocrx_word' id='word_1_255' title='bbox 879 2453 1098 2495; x_wconf 84' lang='lat' dir='ltr'>dignoscere</span> <span class='ocrx_word' id='word_1_256' title='bbox 1126 2452 1266 2495; x_wconf 84' lang='lat' dir='ltr'>putavi,</span> <span class='ocrx_word' id='word_1_257' title='bbox 1294 2455 1332 2485; x_wconf 90' lang='lat' dir='ltr'>at</span> <span class='ocrx_word' id='word_1_258' title='bbox 1359 2462 1490 2495; x_wconf 86' lang='lat' dir='ltr'>parum</span> <span class='ocrx_word' id='word_1_259' title='bbox 1518 2451 1753 2494; x_wconf 85' lang='lat' dir='ltr'>conspicuas.</span> 
     </span>
    </p>

    <p class='ocr_par' dir='ltr' id='par_1_7' title="bbox 193 2511 1753 2913">
     <span class='ocr_line' id='line_1_35' title="bbox 335 2511 1753 2555; baseline -0.001 -10"><span class='ocrx_word' id='word_1_260' title='bbox 335 2514 536 2555; x_wconf 74' lang='lat' dir='ltr'>Segmento</span> <span class='ocrx_word' id='word_1_261' title='bbox 555 2513 655 2546; x_wconf 75' lang='lat' dir='ltr'>facto</span> <span class='ocrx_word' id='word_1_262' title='bbox 674 2513 928 2554; x_wconf 81' lang='lat' dir='ltr'>transversali,</span> <span class='ocrx_word' id='word_1_263' title='bbox 944 2512 1021 2546; x_wconf 89' lang='lat' dir='ltr'>vidi</span> <span class='ocrx_word' id='word_1_264' title='bbox 1040 2512 1213 2545; x_wconf 80' lang='lat' dir='ltr'>frondem</span> <span class='ocrx_word' id='word_1_265' title='bbox 1234 2511 1358 2545; x_wconf 88' lang='lat' dir='ltr'>media</span> <span class='ocrx_word' id='word_1_266' title='bbox 1376 2514 1480 2554; x_wconf 89' lang='lat' dir='ltr'>parte</span> <span class='ocrx_word' id='word_1_267' title='bbox 1494 2511 1753 2552; x_wconf 80' lang='lat' dir='ltr'>incrassatam,</span> 
     </span>
     <span class='ocr_line' id='line_1_36' title="bbox 194 2570 1753 2615; baseline -0.001 -11"><span class='ocrx_word' id='word_1_268' title='bbox 194 2572 380 2613; x_wconf 65' lang='lat' dir='ltr'>nial-gilles</span> <span class='ocrx_word' id='word_1_269' title='bbox 408 2584 539 2606; x_wconf 82' lang='lat' dir='ltr'>versus</span> <span class='ocrx_word' id='word_1_270' title='bbox 567 2573 758 2615; x_wconf 80' lang='lat' dir='ltr'>paulisper</span> <span class='ocrx_word' id='word_1_271' title='bbox 784 2573 1005 2613; x_wconf 85' lang='lat' dir='ltr'>tenuiorem,</span> <span class='ocrx_word' id='word_1_272' title='bbox 1033 2576 1071 2605; x_wconf 88' lang='lat' dir='ltr'>at</span> <span class='ocrx_word' id='word_1_273' title='bbox 1098 2572 1285 2613; x_wconf 81' lang='lat' dir='ltr'>margines</span> <span class='ocrx_word' id='word_1_274' title='bbox 1312 2571 1542 2604; x_wconf 85' lang='lat' dir='ltr'>rotundatos.</span> <span class='ocrx_word' id='word_1_275' title='bbox 1590 2570 1753 2603; x_wconf 86' lang='lat' dir='ltr'>Mediam</span> 
     </span>
     <span class='ocr_line' id='line_1_37' title="bbox 194 2629 1752 2675; baseline -0.002 -10"><span class='ocrx_word' id='word_1_276' title='bbox 194 2632 329 2665; x_wconf 76' lang='lat' dir='ltr'>lincam</span> <span class='ocrx_word' id='word_1_277' title='bbox 369 2633 587 2666; x_wconf 85' lang='lat' dir='ltr'>interiorem</span> <span class='ocrx_word' id='word_1_278' title='bbox 626 2633 781 2673; x_wconf 81' lang='lat' dir='ltr'>frondis,</span> <span class='ocrx_word' id='word_1_279' title='bbox 821 2644 842 2666; x_wconf 86' lang='lat' dir='ltr'>a</span> <span class='ocrx_word' id='word_1_280' title='bbox 881 2633 1049 2675; x_wconf 83' lang='lat' dir='ltr'>margine</span> <span class='ocrx_word' id='word_1_281' title='bbox 1088 2633 1134 2665; x_wconf 87' lang='lat' dir='ltr'>ad</span> <span class='ocrx_word' id='word_1_282' title='bbox 1174 2631 1381 2674; x_wconf 84' lang='lat' dir='ltr'>marginem</span> <span class='ocrx_word' id='word_1_283' title='bbox 1420 2633 1641 2673; x_wconf 84' lang='lat' dir='ltr'>occupatam</span> <span class='ocrx_word' id='word_1_284' title='bbox 1677 2629 1752 2664; x_wconf 85' lang='lat' dir='ltr'>vidi</span> 
     </span>
     <span class='ocr_line' id='line_1_38' title="bbox 194 2691 1753 2735; baseline -0.001 -11"><span class='ocrx_word' id='word_1_285' title='bbox 194 2692 304 2725; x_wconf 71' lang='lat' dir='ltr'>univa</span> <span class='ocrx_word' id='word_1_286' title='bbox 341 2693 437 2725; x_wconf 72' lang='lat' dir='ltr'>serie</span> <span class='ocrx_word' id='word_1_287' title='bbox 476 2693 693 2726; x_wconf 77' lang='lat' dir='ltr'>cellularum</span> <span class='ocrx_word' id='word_1_288' title='bbox 732 2693 929 2735; x_wconf 82' lang='lat' dir='ltr'>majorum,</span> <span class='ocrx_word' id='word_1_289' title='bbox 963 2692 1407 2732; x_wconf 83' lang='lat' dir='ltr'>cubico-rotundatarum,</span> <span class='ocrx_word' id='word_1_290' title='bbox 1434 2701 1592 2733; x_wconf 84' lang='lat' dir='ltr'>quarum</span> <span class='ocrx_word' id='word_1_291' title='bbox 1620 2691 1753 2724; x_wconf 79' lang='lat' dir='ltr'>mediae</span> 
     </span>
     <span class='ocr_line' id='line_1_39' title="bbox 195 2750 1752 2795; baseline 0.001 -13"><span class='ocrx_word' id='word_1_292' title='bbox 195 2751 336 2783; x_wconf 77' lang='lat' dir='ltr'>frondis</span> <span class='ocrx_word' id='word_1_293' title='bbox 366 2752 634 2790; x_wconf 63' lang='lat' dir='ltr'>marginalibus</span> <span class='ocrx_word' id='word_1_294' title='bbox 664 2752 725 2785; x_wconf 80' lang='lat' dir='ltr'>vix</span> <span class='ocrx_word' id='word_1_295' title='bbox 754 2752 915 2795; x_wconf 81' lang='lat' dir='ltr'>majores</span> <span class='ocrx_word' id='word_1_296' title='bbox 944 2752 1129 2785; x_wconf 87' lang='lat' dir='ltr'>videntur.</span> <span class='ocrx_word' id='word_1_297' title='bbox 1181 2753 1224 2784; x_wconf 96' lang='lat' dir='ltr'>In</span> <span class='ocrx_word' id='word_1_298' title='bbox 1252 2751 1341 2784; x_wconf 87' lang='lat' dir='ltr'>axili</span> <span class='ocrx_word' id='word_1_299' title='bbox 1369 2754 1474 2793; x_wconf 82' lang='lat' dir='ltr'>parte</span> <span class='ocrx_word' id='word_1_300' title='bbox 1500 2750 1644 2783; x_wconf 80' lang='lat' dir='ltr'>frondis</span> <span class='ocrx_word' id='word_1_301' title='bbox 1664 2761 1752 2793; x_wconf 90' lang='lat' dir='ltr'>pau-</span> 
     </span>
     <span class='ocr_line' id='line_1_40' title="bbox 194 2809 1751 2853; baseline 0.003 -14"><span class='ocrx_word' id='word_1_302' title='bbox 194 2809 307 2851; x_wconf 69' lang='lat' dir='ltr'>lisper</span> <span class='ocrx_word' id='word_1_303' title='bbox 346 2810 560 2845; x_wconf 59' lang='lat' dir='ltr'>inm-assatae</span> <span class='ocrx_word' id='word_1_304' title='bbox 600 2812 682 2845; x_wconf 79' lang='lat' dir='ltr'>duae</span> <span class='ocrx_word' id='word_1_305' title='bbox 720 2813 834 2853; x_wconf 84' lang='lat' dir='ltr'>(nunc</span> <span class='ocrx_word' id='word_1_306' title='bbox 874 2822 948 2844; x_wconf 88' lang='lat' dir='ltr'>una</span> <span class='ocrx_word' id='word_1_307' title='bbox 986 2812 1147 2851; x_wconf 83' lang='lat' dir='ltr'>tantum)</span> <span class='ocrx_word' id='word_1_308' title='bbox 1187 2811 1303 2844; x_wconf 80' lang='lat' dir='ltr'>series</span> <span class='ocrx_word' id='word_1_309' title='bbox 1342 2811 1559 2844; x_wconf 87' lang='lat' dir='ltr'>cellularum</span> <span class='ocrx_word' id='word_1_310' title='bbox 1598 2810 1751 2843; x_wconf 88' lang='lat' dir='ltr'>intimas</span> 
     </span>
     <span class='ocr_line' id='line_1_41' title="bbox 193 2869 1743 2913; baseline 0.003 -14"><span class='ocrx_word' id='word_1_311' title='bbox 193 2869 384 2911; x_wconf 81' lang='lat' dir='ltr'>obtegunt,</span> <span class='ocrx_word' id='word_1_312' title='bbox 418 2874 455 2902; x_wconf 86' lang='lat' dir='ltr'>at</span> <span class='ocrx_word' id='word_1_313' title='bbox 489 2872 555 2903; x_wconf 76' lang='lat' dir='ltr'>lias</span> <span class='ocrx_word' id='word_1_314' title='bbox 584 2871 757 2912; x_wconf 83' lang='lat' dir='ltr'>minores,</span> <span class='ocrx_word' id='word_1_315' title='bbox 786 2871 836 2904; x_wconf 88' lang='lat' dir='ltr'>ita</span> <span class='ocrx_word' id='word_1_316' title='bbox 864 2874 904 2904; x_wconf 90' lang='lat' dir='ltr'>ut</span> <span class='ocrx_word' id='word_1_317' title='bbox 929 2871 1087 2913; x_wconf 82' lang='lat' dir='ltr'>singulis</span> <span class='ocrx_word' id='word_1_318' title='bbox 1115 2870 1355 2904; x_wconf 86' lang='lat' dir='ltr'>interioribus</span> <span class='ocrx_word' id='word_1_319' title='bbox 1383 2870 1558 2912; x_wconf 88' lang='lat' dir='ltr'>utrinque</span> <span class='ocrx_word' id='word_1_320' title='bbox 1584 2870 1743 2913; x_wconf 85' lang='lat' dir='ltr'>geminae</span> 
     </span>
    </p>
   </div>
  </div>
 </body>
</html>
