1875 3116
99 96 434 149 Herpophyllwn.
665 95 881 135 ssomvoc
890 109 911 134 A
924 108 1062 134 arum.
1572 91 1653 131 139

91 239 141 244 -
177 228 311 268 quam
346 213 401 255 ob
436 213 683 255 habituales
717 213 991 255 characteres
1025 225 1203 267 quoque
1237 213 1390 254 Genus
1414 211 1645 267 proprium

86 284 355 341 jamdudum
388 284 721 338 agnoscendum
759 288 973 339 putarunt
997 309 1053 313 —-
1076 298 1146 325 me
1180 283 1343 326 vidisse
1368 287 1487 338 puto,
1515 296 1650 337 quam

87 356 254 398 cellulis
302 355 393 397 suis
441 355 610 396 intimis
661 355 817 396 validis
860 355 1023 409 quibus
1062 355 1248 409 singulis
1282 358 1650 410 superponuntur

86 426 219 469 series
267 426 526 468 cellularum
579 426 738 480 plures„
790 426 1046 480 exemplum
1096 426 1292 481 praebere
1340 424 1561 479 ejusmodi
1611 429 1653 466 et

85 497 166 539 sibi
208 498 398 553 propriae
444 496 746 551 dispositionis
781 497 1167 539 evidentissimum
1201 497 1406 538 lubenter
1440 496 1648 538 dicerem.

85 569 372 623 Compar-anti
398 567 515 612 v‚mihi
549 567 681 609 hodie
715 582 817 609 cum
852 568 932 609 hoc
957 573 1062 623 typo
1087 573 1153 609 sat
1177 568 1352 611 diverso
1376 572 1647 610 structuram

84 654 219 695 quam
253 640 299 680 in
334 638 642 694 Herpophyllo
676 638 780 685 vidi,
807 654 894 679 non
922 640 1043 694 potui
1069 640 1177 694 quin
1204 640 1437 693 utriusque
1463 638 1650 680 Generis

83 716 350 753 structuram
385 710 476 751 suis
508 709 839 751 characteribus
873 711 1109 764 analogam
1143 710 1356 757 dicerem:
1405 715 1447 752 et
1479 711 1562 751 hoc
1600 723 1650 751 eo

84 786 251 839 majore
301 781 401 835 jure
455 780 707 836 urgendum
756 785 973 835 putarem,
1023 796 1165 836 quum
1214 781 1312 823 aliis
1363 781 1649 823 Delesserieis

82 868 211 895 suam
259 866 486 908 quamque
535 857 804 894 structuram
853 852 1185 894 attribuendam
1234 867 1327 894 esse
1375 852 1522 894 didici.
1590 851 1648 894 Ut

82 925 217 979 igitur
249 938 340 965 suae
373 928 605 965 structurae
638 923 785 964 indole
819 922 1139 978 dignoscantur
1179 923 1449 978 Nitophylla,
1486 929 1527 965 et
1561 922 1647 964 alio

81 995 165 1037 sibi
213 995 391 1050 proprio
443 994 709 1041 Delesseriae,
760 995 820 1035 ita
874 994 1169 1049 Botryocarpa
1216 1009 1438 1036 unacum
1475 994 1645 1049 Herpo-

82 1065 232 1121 phyllo
265 1071 307 1107 et
339 1065 436 1107 aliis
470 1065 739 1120 quibusdam
765 1065 1015 1107 Generibus
1039 1080 1165 1106 suam
1190 1066 1350 1107 offerre
1374 1070 1643 1107 structuram

79 1137 479 1179 characteristicam
516 1136 721 1178 lubenter
754 1151 1043 1178 assumerem.
1131 1128 1133 1131 ’

222 1209 299 1251 Sin
323 1223 427 1250 vero
450 1207 669 1262 ejusmodi
695 1208 928 1250 affinitatis
950 1208 1116 1249 indicio
1139 1208 1441 1249 characterem
1461 1207 1644 1261 majoris

80 1281 294 1321 momenti
349 1279 602 1321 adtribuere
656 1279 829 1326 vellem,
885 1279 1204 1334 inquirendum
1256 1279 1481 1320 videretur
1528 1292 1646 1320 anne

78 1351 346 1393 affinitatem
380 1350 655 1405 suppositam
691 1351 984 1405 congruentia
1017 1350 1212 1405 quadam
1237 1351 1280 1391 in
1308 1349 1507 1404 partibus
1532 1350 1644 1391 fruc-

78 1422 332 1464 tificationis
381 1422 615 1464 suffultam
663 1421 808 1463 dicere
857 1421 1017 1464 liceret.
1085 1422 1194 1463 Mihi
1243 1435 1345 1463 vero
1394 1421 1477 1462 hac
1510 1420 1563 1462 de
1597 1434 1643 1462 re

77 1493 321 1547 inquirenti
371 1492 742 1548 distinguendum
790 1492 999 1548 adparuit
1049 1494 1163 1535 inter
1209 1493 1497 1539 characteres,
1533 1505 1645 1546 quos

79 1565 220 1619 magis
253 1564 308 1606 ab
341 1563 548 1619 analogia
580 1563 776 1618 quadam
820 1564 1067 1619 pendentes
1101 1570 1143 1606 et
1177 1564 1304 1618 quasi
1340 1563 1524 1604 minoris
1558 1577 1646 1604 mo-

79 1636 214 1677 menti
262 1635 609 1691 considerandas
652 1641 870 1690 putarem,
916 1640 958 1677 et
999 1636 1121 1682 alios,
1158 1650 1270 1691 quos
1304 1634 1492 1688 singulis
1528 1634 1645 1689 typis

80 1707 207 1761 quasi
242 1707 514 1762 pertinentes
548 1713 745 1761 putares3
772 1707 825 1749 de
850 1722 940 1762 qua
963 1722 1007 1749 re
1037 1711 1152 1749 certe
1177 1707 1336 1762 §egrius
1361 1705 1643 1759 dijudicatur.

220 1778 398 1819 Novum
444 1778 579 1833 igitur
612 1779 766 1820 Genus
801 1778 1098 1834 Herpophylli
1133 1778 1279 1833 quoad
1315 1782 1461 1832 partes
1494 1777 1644 1819 fructi-

77 1850 193 1890 feras
241 1850 520 1904 comparanti
571 1850 680 1891 mihi
729 1849 990 1905 adparuisse
1042 1865 1129 1891 non
1179 1854 1353 1891 tantum
1387 1848 1641 1903 analogiam

75 1920 305 1975 quandam
347 1920 393 1961 in
439 1919 729 1975 dispositione
773 1936 851 1977 per
884 1921 1092 1963 frondem
1128 1921 1267 1975 magis
1301 1933 1454 1974 sparsa
1488 1934 1640 1961 earum

77 1992 282 2046 partium.
318 1991 363 2033 in
398 1992 562 2046 quibus
595 2006 717 2034 soros
751 1992 952 2035 evolutos
986 1993 1233 2043 observavi,
1269 1995 1363 2032 tum
1392 1991 1437 2031 in
1463 1990 1639 2044 Botryo-

75 2076 208 2117 carpa
256 2067 298 2104 et
341 2063 661 2119 Herpophyllo.
708 2069 805 2105 tum
837 2064 884 2105 in
919 2064 1167 2105 Grinnellia
1199 2063 1507 2111 ‹j›bvenicntes;
1544 2076 1640 2103 ean-

75 2133 177 2175 dem
219 2148 410 2189 quoque,
446 2142 488 2176 et
521 2135 674 2177 forsan
707 2135 855 2177 adhuc
889 2136 1033 2190 magis
1066 2135 1368 2190 conspicuam,
1406 2148 1460 2174 ne
1494 2133 1641 2174 dicam

75 2204 385 2259 decipientem,
433 2206 477 2247 in
520 2206 616 2261 ipso
650 2207 932 2248 formationis
969 2207 1111 2252 modo,
1148 2220 1236 2260 quo
1271 2219 1391 2245 soros
1424 2209 1640 2258 generant

75 2275 168 2316 hzec
201 2275 387 2318 Genera.
456 2277 574 2318 Dum
617 2277 829 2319 nimirum
866 2279 950 2319 sori
988 2284 1082 2319 tum
1119 2278 1160 2317 in
1199 2275 1509 2331 Nit‹·›1›hylleis,
1546 2280 1639 2316 tum

75 2346 118 2387 in
171 2346 452 2389 Delesserieis
501 2347 691 2402 propriis
732 2354 1015 2403 generantur,
1054 2363 1171 2389 nunc
1205 2347 1332 2389 certis
1367 2346 1639 2401 quibusdam

79 2418 344 2472 paginarum
378 2418 497 2467 locis,
532 2434 652 2461 nunc
684 2420 731 2460 in
765 2420 1074 2475 spol-ophyllis,
1110 2434 1209 2473 quw
1243 2434 1265 2459 a
1300 2423 1420 2473 parte
1445 2417 1641 2471 quadam

74 2488 258 2534 frondis,
294 2489 466 2530 laeiniae
501 2490 689 2545 propriae
723 2491 779 2532 ad
812 2492 953 2532 instar
986 2496 1306 2538 transmutatum,
1347 2494 1639 2541 generantur:

78 2558 163 2600 alio
209 2565 251 2601 et
295 2560 422 2614 quasi
461 2560 543 2601 sibi
580 2562 757 2616 proprio
793 2563 923 2603 modo
958 2577 1078 2602 soros
1111 2560 1311 2613 generari
1347 2560 1513 2601 diceres
1547 2564 1639 2601 tum

78 2630 122 2670 in
163 2631 472 2684 Botryyocarpct,
514 2633 799 2687 Herpoplcyllo
838 2638 879 2674 ct
918 2633 1131 2674 Holmest'a
1165 2647 1217 2673 ex
1253 2646 1342 2673 una
1376 2637 1511 2685 parte,
1546 2637 1640 2673 tum

74 2701 117 2741 in
167 2701 412 2744 Gre'nnelle'a
452 2717 506 2744 ex
541 2703 689 2744 altera.
756 2704 887 2745 Soros
922 2705 966 2744 in
1003 2704 1069 2744 his
1102 2703 1313 2743 omnibus
1346 2702 1407 2744 ita
1440 2702 1642 2745 evolutos

77 2771 288 2813 obvenire
322 2778 453 2827 patet.
491 2779 538 2815 ut
571 2774 645 2815 vix
677 2775 1072 2816 transfor-inatio}ie
1106 2774 1300 2828 quadam
1336 2775 1474 2829 partis
1498 2774 1641 2829 cujus·

78 2841 181 2884 dam
233 2844 374 2899 ipsius
428 2845 599 2887 frondis
652 2851 770 2886 ortos
823 2847 1003 2890 diceres.
1053 2846 1128 2887 sed
1179 2848 1223 2888 in
1273 2851 1396 2901 parte
1444 2846 1639 2903 quadam
