1875 3116
200 94 281 134 152
822 91 1138 132 DELESSERIAE.

337 210 573 264 Perpensis
620 210 686 256 iis,
737 224 836 264 quie
875 209 922 249 in
961 208 1133 250 Genere
1167 208 1443 259 (Jhauviniae,
1480 210 1610 251 modo
1645 209 1760 251 dicto

195 282 396 330 limitato,
443 280 680 322 observare
722 279 902 327 credidi,
938 280 1207 335 comparatis
1241 294 1422 334 quoque
1455 280 1759 321 habitualibus

195 353 309 393 notis
358 366 412 393 ex
457 351 667 393 firmitate
705 351 877 393 frondis
911 356 952 392 et
986 351 1320 393 ramilicationis
1355 366 1512 392 norma
1545 351 1758 396 deductis,

194 424 347 465 Genus
395 423 479 464 hoc
528 422 867 477 Botryocarpeis
915 423 1184 477 proximum,
1237 422 1367 463 hodie
1406 422 1611 464 lubenter
1643 437 1759 464 assu-

194 509 375 536 merem.
442 494 596 535 Genus
644 508 747 535 vero
796 494 879 535 hec
928 493 1060 535 1110110
1102 494 1376 536 intellectum
1412 498 1507 535 tum
1542 508 1567 535 a
1599 494 1653 536 D.
1692 495 1761 536 im-

194 566 357 608 {nr-mata
402 565 677 613 distinctum„
720 569 814 606 tum
849 565 978 607 certis
1013 564 1283 619 quibusdam
1320 566 1435 607 notis
1469 565 1760 607 suadentibus

193 652 297 679 cum
350 637 400 678 D.
435 637 693 679 denticulata
740 637 991 678 accuratius
1039 636 1362 678 conferendum
1412 636 1616 678 lubenter
1663 637 1785 679 c0n-'

190 709 387 763 jicerem.

337 779 527 822 Unicam
562 779 766 835 Speciem
800 779 936 834 hujus
970 780 1156 822 Generis
1192 784 1321 835 puto:

224 902 258 941 1.
331 898 509 941 CHAUV.
546 914 818 941 commomA
855 900 991 942 Ham).
1054 900 1144 941 Del.
1181 900 1396 953 coriifhlia
1428 901 1470 941 J.
1498 900 1575 954 Ay.
1612 900 1756 953 Epicr.

326 986 370 1025 p.
406 974 504 1013 495.

194 1174 292 1232 IV.
368 1174 460 1232 De
501 1174 937 1232 DELEssffluls
969 1182 1131 1238 (sens.
1164 1178 1351 1238 strici.)
1388 1174 1754 1232 sectionem

232 1268 581 1347 propriam
622 1268 1196 1327 Delesscricarun]
1237 1268 1709 1328 formantibus,

330 1422 430 1464 Jam
471 1436 607 1477 supra
644 1421 697 1463 de
731 1422 869 1477 Typis
904 1422 1293 1471 Delesseriearum,
1330 1422 1510 1477 qualem
1544 1422 1660 1464 hanc
1695 1423 1755 1463 13-

188 1494 360 1535 miliam
390 1494 473 1535 rite
506 1494 775 1535 intellectam
811 1494 1015 1539 assumsi,
1043 1493 1252 1541 scribens
1279 1493 1474 1535 indicavi
1497 1497 1639 1535 certos
1663 1508 1756 1535 esse

188 1570 282 1607 tun]
316 1565 363 1606 in
397 1570 620 1607 structura
653 1564 837 1615 frondis,
873 1569 969 1607 tum
1003 1566 1047 1606 in
1074 1566 1168 1620 ipso
1194 1565 1350 1607 nucleo
1375 1565 1753 1620 cystocarpiorum

186 1636 476 1685 characteres,
526 1636 691 1691 quibus
740 1642 891 1691 patere
936 1637 1089 1691 putavi
1135 1636 1282 1692 plures
1316 1650 1411 1678 esse
1444 1636 1572 1691 quasi
1605 1636 1755 1692 Typos

187 1707 399 1757 diversos,
449 1708 541 1749 suis
590 1707 781 1763 propriis
830 1708 1160 1749 characteribus
1210 1707 1549 1762 dignoscendos,
1591 1707 1755 1762 quibus

187 1778 480 1820 suadentibus
513 1779 642 1833 quasi
676 1779 825 1834 plures
859 1779 1076 1821 sectiones
1116 1779 1299 1821 familiae
1332 1779 1563 1821 instituere
1597 1794 1751 1835 oppor-

185 1854 308 1892 teret.
364 1850 599 1905 Ejusmodi
633 1850 813 1906 Typum
847 1850 931 1892 sibi
964 1851 1196 1905 proprium
1234 1851 1515 1899 Delesserias,
1542 1851 1633 1892 suis
1656 1851 1753 1892 cha-

184 1920 431 1962 racteribus
480 1920 560 1962 rite
609 1921 969 1976 circumscriptas
1019 1922 1172 1963 sistere
1212 1926 1429 1976 putarem.
1494 1921 1614 1962 Dum
1652 1936 1753 1964 vero

186 1992 231 2032 in
265 1991 537 2046 Nitophyllis
572 1991 748 2047 Species
782 1992 1163 2034 numerosissimae
1197 1993 1451 2052 obveniant,
1482 1993 1751 2047 (1003116113-

186 2067 376 2104 racteres
409 2077 434 2104 a
467 2067 690 2104 structura
723 2062 896 2104 frondis
921 2067 963 2104 et
988 2063 1188 2118 partibus
1212 2063 1568 2105 fructificationis
1592 2065 1752 2118 petitos

185 2133 245 2174 ita
295 2133 487 2175 invicem
534 2137 843 2188 congruentes,
880 2139 928 2175 ut
960 2133 1016 2175 ad
1049 2133 1166 2175 iden]
1204 2134 1369 2183 Genus,
1404 2139 1482 2176 aut
1515 2134 1662 2176 saltim
1696 2135 1750 2176 ad

187 2204 396 2258 pauciora
443 2204 650 2259 quaedam
697 2204 873 2246 Genera
905 2205 1071 2246 formas
1106 2204 1304 2247 diversas
1338 2204 1595 2247 referendas
1630 2211 1751 2260 puta-

186 2276 346 2326 verim;
390 2276 658 2317 contrariam
701 2277 959 2331 opinionem
999 2277 1149 2319 fovere
1182 2291 1315 2331 cogor
1348 2277 1401 2318 ‹le
1435 2277 1605 2327 formis,
1640 2291 1751 2332 quas

185 2346 241 2388 ad
277 2347 545 2389 Delesserias
578 2349 739 2389 referre
773 2348 1103 2389 consuevimus.
1157 2348 1292 2389 Paulo
1325 2349 1574 2390 accuratius
1608 2348 1751 2390 obser-

186 2418 307 2459 vanti
359 2418 537 2467 formas,
587 2418 642 2459 ad
692 2419 964 2461 Delesserias
1014 2420 1215 2475 proprias
1261 2421 1435 2470 relatas,
1475 2420 1585 2461 mihi
1619 2420 1749 2475 adpa-

185 2489 324 2531 ruisse
365 2489 556 2531 dicerem
598 2489 779 2531 easdem
818 2505 907 2532 non
941 2495 1117 2532 tantum
1153 2491 1300 2545 quoad
1332 2491 1587 2533 vhabituales
1621 2495 1749 2534 notas

184 2559 428 2601 admodum
464 2560 702 2603 dissimiles
735 2562 901 2604 formas
935 2563 1115 2612 offerre;
1152 2562 1228 2604 sed
1262 2577 1440 2617 quoque
1474 2563 1518 2603 in
1548 2562 1748 2618 partibus

187 2630 540 2673 fructificationis
574 2636 702 2687 typos
737 2632 798 2673 ita
830 2632 1029 2675 diverses
1063 2633 1227 2682 sistere,
1264 2637 1312 2674 ut
1344 2633 1390 2674 in
1424 2632 1521 2674 aliis
1551 2633 1748 2674 Familiis

189 2700 488 2742 1⁴‘loridearum
537 2703 724 2751 Genera,
760 2703 980 2758 ejusmodi
1017 2703 1348 2746 characteribus
1383 2703 1582 2753 fundata,
1617 2718 1746 2758 agno—

185 2786 303 2812 scere
354 2773 427 2813 vix
477 2772 792 2816 dubitaverint.
866 2774 921 2815 Et
969 2775 1036 2816 his
1086 2774 1268 2829 quidem
1318 2774 1747 2816 considerationibus

185 2857 269 2881 acm
289 2841 352 2882 dit
394 2843 514 2896 quod
554 2845 855 2899 congruentiae
898 2845 1145 2887 habituales
1180 2860 1299 2887 nunc
1332 2845 1582 2901 conjuncta*
1616 2845 1744 2888 obve-
