1875 3116
165 132 246 172 166
784 129 1101 172 DELESSERI‘AE.
1427 132 1724 174 Schieoneura.

160 263 222 295 00,
259 263 392 303 quem
429 248 711 290 Delesserieis
742 248 945 303 typicum
976 248 1187 302 judicavi,
1232 250 1450 303 expressis
1484 250 1630 291 verbis
1665 249 1725 291 di-

160 320 276 361 xisse
312 320 465 374 placet.

303 390 644 445 Sphaerosporas
676 390 723 431 in
756 406 877 432 soros
910 393 1174 446 conjunctas
1208 392 1419 434 obvenire
1448 392 1492 433 111
1517 393 1726 435 omnibus

161 462 457 509 Delesserieis,
508 462 552 503 id
598 461 870 516 jamdudum
919 463 1150 517 cognitum
1199 463 1348 512 fuisse,
1399 468 1441 504 et
1486 463 1566 505 lios
1604 478 1727 507 soros

161 532 313 574 sistere
354 532 653 574 characterem
696 532 924 587 quendam
959 533 1252 588 principalem
1286 533 1420 575 totius
1455 534 1635 576 familiae
1668 535 1723 577 ab

160 603 370 645 omnibus
417 608 634 658 agnotum
678 603 822 646 dicere
869 605 1017 646 forsan
1051 605 1190 646 liceat.
1259 605 1352 647 Hos
1386 612 1508 647 soros
1542 619 1646 647 vero
1680 607 1727 648 in

160 675 257 716 aliis
290 675 448 716 formis
482 689 573 716 11011
608 679 781 716 tantum
817 676 862 717 in
896 675 1056 717 fronde
1090 676 1216 717 aliter
1248 676 1354 717 sitos
1388 676 1611 726 obvenire,
1652 677 1728 718 sed

161 760 340 801 quoque
374 746 522 801 quoad
556 761 685 788 suam
719 751 990 789 structuram
1023 747 1218 802 typicam
1258 747 1524 802 penitiorem
1558 752 1601 790 et
1633 762 1728 790 evo-

162 817 342 859 lutionis
389 817 579 872 gradum
629 817 827 860 diversos
876 818 1087 861 obvenire
1135 819 1179 859 in
1229 819 1347 874 typis
1395 819 1480 860 alio
1525 824 1729 874 respectu

160 889 545 939 convenientibus,
564 889 609 930 id
632 889 876 931 hodiedum
896 890 971 932 vix
995 890 1277 945 suppositum
1299 890 1483 945 quidem
1507 895 1724 945 putarem.

162 960 327 1009 Quales
376 974 498 1002 soros
546 974 571 1002 a
618 961 733 1003 facie
781 961 977 1017 paginali
1028 961 1284 1004 observatos
1332 961 1481 1016 quoad
1519 962 1655 1003 situm
1688 966 1731 1003 et

162 1032 353 1073 formam
403 1032 449 1072 111
496 1032 626 1087 typis,
667 1046 779 1086 quos
812 1033 898 1074 alio
932 1037 1135 1088 respectu
1169 1038 1465 1087 congruentes
1500 1037 1726 1087 putarunt,

162 1103 270 1144 tales
303 1103 372 1144 his
405 1103 784 1146 characteristicos
817 1109 1139 1146 assumserunt.
1195 1104 1560 1146 Transversalem
1593 1118 1729 1159 quan-

162 1173 265 1215 dam
315 1174 557 1216 sectionem
601 1175 740 1229 ipsius
786 1175 872 1217 sori
907 1175 982 1217 vix
1016 1175 1101 1217 nisi
1134 1176 1179 1216 in
1216 1175 1485 1230 Pliycologia
1519 1175 1726 1217 Generali

165 1245 393 1300 Kutzingii
427 1245 608 1287 allatam
642 1245 746 1296 vidi,
782 1250 825 1287 et
857 1246 940 1287 1100
973 1247 1068 1288 1000
1102 1250 1277 1288 tantum
1300 1246 1347 1287 in
1372 1246 1525 1301 paucis
1549 1246 1728 1301 quibus-

162 1316 265 1357 dam
316 1316 484 1366 formis,
535 1330 589 1357 ex
638 1316 802 1371 quibus
851 1331 972 1358 soros
1012 1318 1216 1358 omnium
1250 1321 1545 1371 congruentes
1580 1317 1726 1372 potius

162 1391 353 1442 putares,
389 1401 526 1442 quam
558 1387 718 1429 iisdem
752 1387 1018 1430 ducentibus
1051 1388 1253 1431 invenire
1280 1388 1410 1430 licere
1434 1388 1723 1437 characteres,

162 1458 324 1513 quibus
359 1458 726 1513 dignoscerentur
759 1459 853 1515 typi
886 1459 1266 1501 Delesseriearum
1300 1459 1479 1502 diversi.

305 1529 436 1571 Soros
483 1530 528 1571 in
578 1529 860 1586 Nitophyllis,
908 1531 1101 1572 sectione
1144 1531 1429 1573 transversali
1464 1545 1541 1586 per
1575 1545 1727 1572 sorum

162 1600 307 1649 ducta,
358 1600 490 1642 hodie
537 1601 793 1644 observanti
842 1602 951 1643 mihi
999 1602 1208 1657 adparuit
1254 1628 1304 1632 ‹—
1348 1601 1621 1657 ubicumque
1669 1602 1730 1644 ita

162 1672 420 1714 observatos
454 1673 496 1713 in
532 1673 783 1715 numerosis
816 1674 973 1715 formis
1006 1673 1143 1728 hujus
1183 1673 1369 1715 Generis
1404 1672 1603 1723 diversis,
1640 1687 1728 1716 eos-

163 1744 263 1785 dem
299 1743 390 1785 vidi
427 1769 492 1793 --,
528 1745 763 1799 provenire
797 1743 989 1785 dicerem
1023 1744 1239 1799 geminos,
1275 1744 1321 1785 in
1352 1748 1540 1798 utraque
1565 1744 1729 1799 pagina

162 1815 402 1869 oppositos,
438 1829 708 1870 quocunque
741 1815 836 1857 1000
871 1815 1043 1857 frondis
1077 1815 1322 1857 obveniant
1344 1815 1628 1870 (marginales
1652 1820 1729 1856 aut
1785 1852 1787 1854 .

162 1886 316 1941 sparsi,
365 1885 495 1939 pauci
528 1889 606 1927 aut
639 1885 832 1940 plurimi,
867 1885 1095 1927 rotundati
1130 1890 1207 1927 aut
1238 1885 1439 1931 lineares,
1477 1899 1554 1940 per
1588 1889 1727 1927 totam

162 1958 255 1998 fere
298 1955 504 1998 frondem
547 1957 759 2011 generati,
800 1961 877 1998 aut
908 1957 953 1997 in
988 1957 1147 1998 lacinia
1182 1956 1365 1998 definita
1398 1956 1466 1999 vel
1500 1956 1547 1997 111
1582 1970 1728 2012 sporo-

164 2027 315 2083 phyllo
364 2027 492 2082 quasi
534 2027 591 2068 ad
633 2042 787 2069 eorum
820 2027 1154 2082 generationem
1188 2028 1457 2082 procreato);
1493 2041 1615 2069 soros
1649 2028 1729 2069 lios

163 2113 188 2140 a
220 2099 334 2140 facie
367 2098 638 2147 observatos,
682 2112 794 2153 quos
827 2098 957 2140 facile
991 2099 1190 2153 singulos
1225 2103 1415 2153 putares,
1452 2112 1628 2153 semper
1660 2113 1728 2153 ge-

164 2170 309 2211 minos
352 2169 663 2224 provenientes
707 2169 811 2220 vidi,
846 2184 935 2211 11110
968 2169 1253 2224 geminorum
1287 2183 1386 2210 soro
1420 2183 1556 2224 supra
1589 2184 1728 2211 unam

165 2241 389 2295 paginam,
440 2240 577 2282 altero
623 2255 759 2296 supra
800 2241 984 2282 alteram
1024 2240 1314 2282 conformiter
1346 2254 1556 2295 expanso,
1593 2244 1728 2282 strato

164 2311 311 2353 saltim
362 2311 518 2353 intimo
566 2311 827 2354 cellularum
876 2312 1048 2353 frondis
1099 2316 1309 2366 utrosque
1352 2315 1606 2366 separante;
1642 2325 1731 2366 qua

164 2383 519 2424 conformatione
560 2383 762 2437 sequitur
796 2397 891 2424 esse
925 2382 1124 2425 diversas
1158 2382 1504 2437 sphaerosporas,
1539 2396 1651 2436 quas
1685 2383 1729 2423 in

166 2468 255 2494 una
303 2458 380 2494 aut
427 2454 565 2495 altera
614 2454 777 2508 pagina
825 2453 1060 2496 observare
1108 2453 1248 2502 liceat,
1287 2467 1489 2508 quasque
1523 2453 1569 2494 in
1603 2467 1731 2494 suam

165 2524 377 2579 paginam.
411 2524 596 2566 demum
629 2529 927 2580 erumpentes.
980 2524 1146 2573 Quales
1180 2524 1263 2566 hoc
1297 2524 1385 2565 situ
1418 2524 1590 2579 typicos
1621 2524 1729 2566 dice-

165 2610 258 2636 rem
292 2595 655 2651 Nitophyllorum
689 2610 824 2648 soros,
860 2597 968 2638 tales
1004 2611 1073 2637 mc
1107 2609 1286 2651 quoque
1319 2594 1609 2650 dispositione
1632 2596 1729 2638 sub-

167 2665 332 2707 similes
365 2666 528 2709 vidisse
563 2667 609 2708 in
642 2667 913 2721 quibusdam
950 2667 1116 2715 formis,
1152 2681 1263 2721 quas
1291 2666 1550 2707 Delesseriis
1573 2666 1730 2708 hucus-

166 2751 252 2790 (1110
300 2737 595 2780 adnumerare
634 2738 950 2781 consuevimus
989 2739 1311 2792 (Solnzoneewm
1351 2736 1614 2790 Ohazwzssmta)
1648 2738 1730 2779 hoc

168 2806 260 2847 1000
294 2822 474 2862 1111011110
506 2809 863 2852 animadvertere
896 2809 1075 2865 placuit.
