1875 3116
729 80 1040 121 DELEssnmAE.
1579 76 1661 117 153

106 200 233 241 niant
264 212 367 238 cum
400 198 740 246 clun-{ueteribus
776 198 923 253 quoad
958 203 1103 253 partes
1140 198 1392 238 fructiferas
1419 196 1664 238 admodum

107 269 303 312 diversis.
370 269 434 309 Ex
471 269 608 310 altera
640 274 788 311 autem
827 276 949 324 parte
984 270 1241 310 meminisse
1276 268 1419 323 placet
1451 268 1566 309 inter
1589 268 1667 308 has

107 341 280 395 plantas
313 340 523 381 obvenire
561 341 738 386 formas,
774 355 885 395 quas
919 340 1223 381 habitualibus
1259 340 1373 381 notis
1405 339 1466 380 ita
1496 339 1664 380 similes

105 411 327 456 obvenire,
364 415 412 451 ut
445 410 620 452 easdem
657 411 712 452 ad
742 426 877 452 unam
903 411 1183 466 eandemque
1208 411 1409 465 Speciem
1436 410 1667 451 retulerint

107 481 320 537 Algologi,
371 482 481 536 quin
530 482 668 523 immo
717 483 1026 533 oculatissimi;
1077 482 1296 535 ejusmodi
1345 496 1447 523 vero
1482 482 1662 531 formas,

104 553 354 594 accuratius
397 553 687 601 examinatas,
732 568 851 594 nunc
885 556 1044 595 ot't'erre
1077 554 1352 595 characteres
1385 553 1431 593 in
1467 552 1666 607 partibus

103 624 344 665 fructiferis
394 624 454 664 ita
502 623 782 675 divergentes
831 630 879 665 ut
925 625 969 665 in
1012 625 1108 665 aliis
1142 624 1325 665 familiis
1362 623 1665 665 Floridearum

104 696 279 737 Genera
327 694 502 736 diversa
549 695 768 747 ejusmodi
820 695 1149 737 clun-acteribus
1200 695 1386 736 fundata
1426 709 1665 749 agnoscere

103 766 177 808 vix
226 765 489 807 dubitarunt
536 766 739 808 hodierni
789 766 991 821 Algologi
1042 767 1234 820 plurimi.
1312 766 1536 807 Lubenter
1583 766 1666 807 hoc

105 837 235 879 modo
269 836 462 878 dicerem
501 836 766 879 Delesserias
800 838 952 879 sistere
987 838 1217 885 familiam,
1261 838 1513 879 charactere
1546 837 1665 878 habi-

105 908 225 955 tuali,
276 922 302 949 a
343 909 579 963 praesentia
623 912 753 950 costae
788 908 977 950 deducto
1011 909 1275 963 adparentor
1310 909 1663 963 monotypicam;

102 980 217 1021 hanc
250 994 354 1021 vero
388 989 481 1020 tum
518 979 666 1033 quoad
701 985 970 1021 structuram
1005 979 1190 1027 frondis,
1227 986 1319 1021 tum
1346 979 1493 1035 quoad
1518 985 1664 1034 partes

102 1051 354 1092 fructiferas
386 1050 468 1092 rite
500 1051 817 1097 examinatam,
853 1052 1005 1093 forsan
1040 1051 1182 1105 magis
1206 1066 1342 1106 quam
1367 1051 1531 1092 multas
1554 1050 1662 1093 alias

102 1121 405 1163 Floridearum
439 1122 646 1172 familias,
672 1128 801 1178 typos
826 1122 1024 1164 diversos
1048 1123 1324 1164 offerentem.
1369 1122 1663 1176 Eandemque

102 1193 434 1248 monotypicam
468 1193 730 1248 adparuisse
763 1194 971 1243 dicerem,
1012 1194 1131 1235 haud
1165 1195 1271 1249 quia
1304 1194 1348 1234 in
1383 1193 1569 1235 diversis
1603 1194 1662 1234 fa-

102 1265 233 1306 miliae.
267 1266 384 1320 typis
417 1265 693 1307 characteres
726 1271 803 1307 aut.
836 1265 971 1307 iidem
1008 1265 1226 1314 videntur,
1268 1270 1345 1306 aut
1378 1266 1438 1306 ita
1470 1265 1663 1307 invicem

99 1341 406 1391 congruentes
458 1341 506 1378 ut
553 1337 608 1378 ad
657 1351 799 1378 unum
843 1337 1126 1392 eundemque
1164 1337 1342 1391 Typum
1376 1351 1531 1378 omnes
1565 1350 1662 1377 con—

99 1408 305 1457 fluerent;
357 1407 431 1449 sed
481 1408 587 1462 quia
632 1409 722 1463 J'am
763 1408 818 1449 ab
852 1408 978 1449 initio
1013 1408 1243 1463 supposita
1275 1407 1577 1461 congruentia,
1614 1407 1659 1448 in

98 1479 248 1534 Typos
281 1479 358 1533 qui
391 1478 611 1526 adessent,
645 1480 870 1534 inquirere
905 1494 1287 1534 supervacaneum
1322 1478 1594 1533 judicarunt.

242 1550 387 1591 Aliam
438 1551 554 1592 viam
606 1550 737 1593 hodie
779 1551 1046 1605 ingredienti
1092 1551 1199 1591 mihi
1235 1551 1430 1605 primum
1464 1549 1660 1591 animad-

99 1626 268 1663 vertere
313 1621 481 1676 placuit
524 1622 666 1677 ipsam
702 1627 971 1664 structuram
1006 1622 1178 1663 frondis
1210 1622 1254 1662 in
1291 1620 1587 1675 Nitophylleis
1619 1626 1662 1662 et

100 1692 381 1734 Delesserieis
422 1692 484 1734 ita
528 1693 637 1734 mihi
670 1693 931 1749 adparuisse
965 1694 1201 1743 diversam,
1238 1699 1285 1734 ut
1318 1693 1424 1733 dum
1461 1693 1505 1733 in
1541 1692 1657 1732 Nito-

97 1763 286 1819 phylleis
335 1765 502 1806 cellulae
552 1765 759 1808 frondem
809 1765 1128 1807 constituentes
1178 1765 1339 1819 saepius
1389 1764 1467 1804 rit-e
1513 1778 1659 1817 super—

99 1835 251 1890 positae
299 1841 581 1890 generantur,
632 1838 758 1892 quasi
809 1837 943 1879 series
992 1838 1234 1878 formantes
1267 1850 1292 1876 a
1324 1834 1481 1877 cellula
1516 1834 1660 1876 media

100 1906 269 1947 frondis
304 1908 490 1962 paginas
524 1922 678 1950 versus
712 1908 949 1956 radiantes,
990 1908 1170 1950 cellulas
1202 1908 1248 1948 in
1287 1906 1566 1947 Delesserieis
1600 1905 1658 1946 di-

95 1992 239 2019 cerem
274 1979 333 2019 ita
365 1979 594 2020 evidenter
628 1985 675 2020 ut
709 1979 954 2035 plurimum
988 1979 1271 2026 alternantes
1307 1984 1355 2018 ut
1387 1977 1556 2018 cellulae
1589 1991 1657 2017 ex-

96 2049 266 2091 terioris
314 2050 438 2091 strati
487 2051 772 2093 interioribus
826 2066 914 2092 non
970 2052 1050 2093 rite
1104 2050 1405 2105 superpositae,
1456 2047 1532 2089 sed
1582 2054 1658 2089 aut

95 2120 352 2162 immediate
405 2122 688 2169 alternantes,
744 2128 822 2164 aut
874 2122 1145 2177 interpositis
1199 2120 1365 2161 cellulis
1418 2120 1463 2160 in
1520 2118 1656 2159 alium

94 2191 273 2246 Typum
307 2192 407 2247 plus
442 2193 590 2234 minus
625 2194 875 2236 evidentem
912 2194 1138 2235 abeuntes.
1211 2193 1270 2233 l)c
1306 2190 1655 2245 Botryocarpeis,

96 2261 225 2303 hodie
259 2277 394 2317 supra
427 2264 635 2309 scribens,
673 2266 826 2306 monui
861 2265 1041 2307 cellulas
1076 2263 1319 2305 earundem
1353 2261 1522 2303 medias
1545 2262 1657 2303 cinc-

95 2337 160 2374 tas
208 2333 418 2375 obvenire
468 2336 735 2386 minoribus;
786 2342 827 2378 et
875 2336 1062 2389 analogo
1107 2335 1302 2390 quodam
1343 2333 1475 2375 modo
1510 2332 1657 2388 plures

97 2404 389 2446 Delesserieas
422 2406 467 2446 in
501 2406 795 2449 adultioribus
820 2408 1019 2463 partibus
1044 2406 1211 2448 cellulis
1235 2404 1505 2460 quibusdam
1529 2403 1657 2458 quasi

93 2474 349 2517 adventitiis
382 2476 548 2518 cinctas
581 2478 641 2532 (in
675 2479 823 2533 stipite
859 2480 910 2520 D.
939 2479 1124 2519 Haut-ers
1157 2478 1216 2519 ita
1249 2476 1429 2517 cellulas
1465 2475 1655 2528 majores

94 2549 230 2587 strato
263 2547 458 2601 quodam
494 2549 718 2590 minorum
754 2550 1040 2591 circumcirca
1074 2549 1239 2590 cinctas
1266 2547 1533 2601 observavi);
1560 2552 1654 2587 tum

96 2617 316 2672 praecipue
349 2618 394 2658 in
428 2619 681 2674 Speciebus,
718 2621 881 2675 quibus
926 2621 1120 2673 l<ntzing
1153 2634 1233 2660 sna
1266 2621 1440 2660 (tenera
1475 2619 1658 2660 Pleride'e'

94 2691 136 2728 et
178 2689 447 2742 Newvylossse'
484 2690 687 2739 instituit,
723 2697 992 2733 structuram
1029 2691 1196 2731 frondis
1231 2690 1312 2731 sub
1348 2689 1655 2746 progrediente

94 2759 345 2801 evolutione
394 2761 558 2802 mirum
608 2763 651 2803 in
703 2763 885 2803 modum
937 2767 1277 2803 transmutatam
1323 2761 1426 2803 vidi.
1493 2761 1655 2816 Utpote

94 2829 304 2871 nimirum
353 2831 396 2872 in
442 2831 509 2875 his
542 2833 723 2875 frondes
758 2835 999 2875 increscere
1034 2833 1242 2875 videntur
1275 2833 1357 2876 sub
1391 2835 1648 2877 continuata
