1875 3116
180 97 264 138 228
834 94 1090 137 Pmmmffl.
1487 97 1739 151 Caloylossa'.

180 292 367 345 GENUS
421 291 505 343 IV.
585 292 665 343 De
715 291 1067 343 CALOGLOSSA
1116 297 1304 353 ejusque
1353 302 1446 339 tum
1495 303 1741 351 structurae,

298 376 393 413 tum
427 372 658 413 fructuum
694 370 1037 421 characteribus,
1073 370 1337 412 affinitatem
1371 371 1621 426 proximam

601 456 701 484 cum
737 442 969 483 P'rnmmo
1001 441 1318 484 indicantibus.

320 573 579 616 Meminisse
626 573 771 629 placet
818 576 1012 615 sormam
1059 573 1197 628 hujus
1244 573 1372 629 Typi,
1409 573 1553 628 prima
1590 574 1686 616 vice
1718 588 1744 615 a

176 645 447 701 Montagneo
495 650 538 687 et
584 645 796 699 Harveyo
839 644 1122 700 descriptam,
1156 659 1325 686 meram
1360 644 1563 700 Speciem
1596 645 1742 687 Deles-

178 718 301 759 seriae
335 717 663 759 consideratam
696 716 856 766 fuisse;
898 716 1013 757 hanc
1046 716 1149 757 dein
1182 716 1320 758 fuisse
1352 731 1377 758 a
1411 716 1654 771 Kutzingio
1686 717 1743 759 ad

177 803 308 831 suum
360 788 514 831 Genus
551 788 817 843 VHypoylossz'
862 787 1071 837 relatam;
1120 792 1286 830 memet
1318 788 1467 843 ipsum
1501 802 1605 830 vero
1638 788 1743 829 huic

177 860 330 902 Genus
363 861 596 916 proprium
629 859 886 909 instituisse,
927 858 1047 914 quod
1081 863 1230 900 tamen
1264 860 1355 915 jam
1390 864 1523 901 antea
1555 863 1603 901 ut
1636 859 1742 901 sub-

178 932 331 974 Genus
365 931 624 974 Delesseriae
657 930 740 973 sub
768 931 950 972 nomine
979 930 1225 984 Caloylossce
1246 930 1523 973 indicaverat
1545 930 1739 986 Harvey.

177 1004 330 1045 Genus
378 1018 482 1046 vero
531 1002 796 1058 Caloglossee
844 1007 998 1057 postea
1040 1016 1066 1043 a
1110 1002 1306 1044 Schmitz
1341 1002 1638 1044 Sarcomeniae
1671 1002 1741 1044 ad-

175 1075 478 1130 proximatum
525 1075 682 1124 fuisse3
732 1073 868 1128 idque
911 1073 1093 1115 demum
1126 1073 1171 1114 in
1207 1073 1515 1115 dissertatione
1547 1073 1740 1128 propria,

179 1146 331 1202 ampla
363 1146 660 1201 descriptione
694 1150 736 1187 et
758 1145 1008 1186 numerosis
1031 1144 1235 1186 iconibus
1258 1144 1488 1193 illustrata,
1513 1159 1539 1186 a
1561 1144 1744 1186 Cramer

175 1217 357 1260 uberius
405 1221 641 1259 tractatum
691 1217 843 1258 fuisse.
910 1216 980 1257 Me
1028 1216 1177 1270 ipsum
1226 1215 1420 1271 denique
1458 1221 1610 1257 contra
1644 1230 1741 1258 con-

179 1289 400 1331 clusiones
433 1303 487 1330 ex
520 1289 589 1330 his
623 1287 908 1330 deducendas
941 1287 1000 1342 (in
1035 1288 1163 1329 Amal.
1199 1287 1333 1341 Alyol.
1375 1287 1489 1329 Com.
1518 1288 1579 1329 II
1597 1303 1643 1340 p.
1669 1288 1743 1342 68)

183 1360 237 1401 de
270 1364 493 1402 structura
526 1359 712 1401 Generis
745 1358 1077 1401 observationes
1110 1358 1322 1409 attulisse,
1362 1358 1526 1413 quibus
1559 1359 1740 1414 quidem

177 1431 442 1474 concludere
475 1445 611 1473 ausus
645 1445 758 1481 sum,
792 1431 986 1472 ratione-s
1019 1430 1096 1472 vix
1124 1430 1278 1472 adesse
1300 1456 1355 1460 ——
1381 1429 1592 1485 aquibus
1615 1431 1741 1485 sequi

175 1502 401 1545 videretur
448 1503 602 1544 Genus
650 1502 930 1557 Caloglossae,
973 1516 999 1543 a
1031 1501 1290 1543 Delesseriis
1323 1505 1559 1551 remotum,
1594 1501 1741 1543 Sarco-

175 1574 336 1616 meniae
368 1574 623 1629 proximum
659 1573 991 1629 disponendum
1024 1573 1165 1615 fuisse
1198 1574 1249 1625 (l.
1275 1587 1306 1615 ο.
1324 1588 1369 1627 p.
1398 1575 1485 1628 71).
1535 1572 1613 1614 Sin
1636 1587 1742 1615 vero

178 1646 241 1688 ita
287 1659 359 1687 me
407 1646 662 1688 convictum
704 1645 860 1700 putavi
899 1644 1052 1686 Genus
1085 1644 1351 1699 (ilaloglossae
1382 1644 1482 1699 jure
1513 1643 1630 1685 inter
1661 1644 1740 1685 De-

176 1716 405 1759 lesserieas
451 1716 718 1772 dispositum
752 1716 903 1766 fuisse,
937 1716 1200 1771 neutiquam
1234 1720 1384 1757 tamen
1419 1730 1522 1757 cum
1555 1716 1624 1757 his
1657 1715 1741 1757 dic-

174 1794 272 1830 tum
318 1793 521 1844 putarem
557 1788 831 1843 quibusnam
866 1787 1159 1829 suadentibus
1192 1787 1522 1829 characteribus
1554 1791 1629 1828 aut
1663 1786 1741 1827 uni

177 1864 254 1901 aut
302 1860 426 1901 alteri
468 1866 574 1915 typo
612 1859 987 1901 Delesseriearum
1023 1858 1307 1914 potissimum
1340 1857 1739 1913 adproximaretur.

177 1932 291 1973 Sunt
336 1945 493 1974 revera
539 1931 816 1973 characteres
854 1930 1119 1985 Caloglossae
1152 1929 1372 1979 nonnulli,
1406 1929 1570 1984 quibus
1602 1943 1628 1970 a
1660 1929 1739 1970 De-

175 2001 391 2045 lesserieis
439 2002 644 2057 plurimis
692 2001 918 2043 discedere
962 2001 1263 2051 viderentur3·
1286 2006 1391 2042 sunt
1422 2014 1527 2043 vero
1560 2000 1740 2055 quoque

176 2072 251 2115 alii
296 2074 585 2123 characteres,
627 2072 791 2128 quibus
830 2086 929 2114 cum
970 2071 1199 2113 nonnullis
1233 2072 1516 2113 Delesserieis
1548 2072 1611 2113 ita
1642 2085 1740 2113 con—

178 2150 388 2200 gruentes
436 2145 545 2186 mihi
594 2144 914 2200 adparuerunt,
960 2149 1009 2185 ut
1041 2143 1096 2185 de
1129 2144 1347 2185 affinitate
1380 2157 1483 2185 cum
1516 2143 1585 2184 his
1617 2142 1740 2184 nulla

178 2216 315 2257 dubia
347 2216 457 2258 mihi
492 2220 656 2258 restare
688 2215 820 2257 hodie
854 2215 1059 2257 dicerem.

319 2287 451 2336 Quod
499 2288 696 2343 primum
746 2287 904 2328 attinet
950 2286 1200 2328 habituales
1232 2291 1359 2328 notas
1393 2312 1448 2316 -
1480 2286 1624 2341 ipsam
1657 2285 1739 2327 for·

176 2374 297 2401 mam
341 2359 527 2409 frondis,
574 2359 909 2400 ramificationis
941 2372 1160 2407 normam,
1194 2357 1383 2399 colorem
1419 2362 1462 2398 et
1494 2371 1594 2412 quae
1627 2356 1738 2411 ejus-

177 2431 297 2472 modi
347 2436 453 2472 sunt
483 2455 541 2461 -—
572 2429 840 2485 jamdudum
890 2429 1000 2470 mihi
1040 2429 1299 2485 adparuisse
1331 2429 1543 2470 confiteor
1576 2427 1738 2469 multas

175 2502 353 2557 Species
397 2501 705 2543 Floridearum
738 2501 1055 2543 convenientes
1087 2500 1299 2543 obvenire
1332 2513 1473 2555 posse,
1508 2513 1607 2554 quae
1640 2498 1738 2540 cha-

178 2572 423 2614 racteribus
471 2573 654 2628 majoris
701 2572 918 2614 momenti
965 2571 1190 2614 discedere
1223 2596 1277 2601 ——
1317 2575 1360 2612 et
1405 2571 1489 2612 hoc
1535 2573 1737 2625 respectu

182 2645 327 2697 ipsum
379 2644 532 2685 Genus
576 2643 835 2686 Delesseriae
868 2668 920 2674 -—
958 2644 1088 2697 quale
1121 2643 1204 2684 hoc
1236 2642 1291 2684 ab
1324 2642 1420 2697 ipso
1452 2641 1737 2682 Lamouroux

173 2714 228 2754 ab
270 2715 397 2756 initio
440 2720 654 2765 creatum,
695 2715 797 2756 dein
832 2715 887 2757 ab
920 2715 1017 2769 ipso
1048 2715 1358 2763 reformatum,
1392 2712 1575 2754 demum
1608 2725 1633 2752 a
1665 2725 1737 2766 po-

177 2785 303 2825 steris
350 2785 395 2826 in
445 2799 684 2827 numerosa
732 2784 908 2827 Genera
954 2784 1233 2834 dissolutum,
1278 2784 1438 2825 offerre
1479 2782 1735 2837 exemplum

181 2854 579 2906 evidentissinmm,
630 2857 887 2898 meminisse
935 2856 1090 2911 placet.
1154 2855 1246 2897 Nec
1284 2855 1409 2896 aliter
1438 2852 1735 2908 judicandum
