1875 3116
98 111 386 163 Glossopteris.
716 106 1030 154 DELEssEmAE.
1571 118 1653 157 195

91 234 441 271 maturescentes
490 230 535 270 in
584 234 820 285 utramque
870 231 1077 286 paginam
1129 246 1254 287 aeque
1303 232 1470 274 diceres
1517 237 1652 275 trans·

91 299 301 349 lucentes,
344 300 427 342 hoc
466 300 541 342 vix
572 301 671 356 jure
705 301 900 356 quodam
935 301 1080 344 dicere
1113 302 1258 345 liceret
1297 303 1349 344 de
1382 304 1436 346 D.
1473 305 1650 359 Lyalliz',

90 371 220 426 cujus
268 375 444 413 textura
491 372 661 414 frondis
705 372 845 414 multo
892 373 1059 415 firmior
1092 374 1392 417 characterem
1426 376 1653 431 paulisper

91 441 318 484 diversum
369 457 547 498 quoque
596 443 706 485 soris
746 443 947 498 ejusdem
982 444 1176 487 tribuere
1210 445 1424 488 videatur.
1492 446 1650 495 Quoad

89 514 424 556 ramificationis
458 529 662 556 normam
696 515 882 562 frondis,
919 522 1033 557 hanc
1067 516 1122 558 ab
1154 516 1229 558 illa
1264 516 1649 573 Hypoglossorum

89 584 346 635 admodum,
390 600 446 627 ne
488 585 634 627 dicam
673 600 808 640 quam
844 587 1039 628 maxime
1073 587 1252 629 differre
1284 589 1546 644 neutiquam
1582 589 1650 630 de-

90 670 313 711 negarem,
362 661 404 697 et
446 656 647 698 habitum
690 657 793 698 binc
828 657 920 699 fieri
955 658 1138 700 omnino
1172 663 1220 700 ut
1253 659 1478 701 videretur
1511 660 1651 703 diver-

92 742 206 777 sum,
257 727 377 782 quod
425 741 606 782 quoque
654 728 698 769 in
748 728 893 770 causis
938 729 1077 771 fuisse
1109 734 1241 784 patet,
1276 745 1414 785 quare
1447 731 1650 787 Speciem

90 799 283 854 typicam
331 799 468 840 nostri
503 799 689 840 Generis
721 813 822 840 cum
857 799 944 841 alia
977 800 1131 855 Specie
1164 815 1253 843 11011
1286 806 1462 844 tantum
1497 816 1649 858 conge-

89 870 284 912 nericam
328 870 424 925 ipse
465 869 571 912 olim
609 869 820 925 judicavi,
856 871 931 912 sed
966 871 1077 926 quin
1109 872 1248 914 immo
1281 886 1381 914 cum
1416 873 1499 915 hac
1532 874 1651 915 iden-

90 942 222 983 ticam
258 941 543 984 crediderunt
575 941 661 983 alii.
727 941 839 990 Quae
872 956 976 984 vero
1009 942 1045 984 si
1077 943 1138 984 ita
1171 943 1270 994 sint,
1315 944 1650 986 evidentissimo

91 1012 296 1069 exemplo
345 1012 505 1054 docent
550 1014 635 1066 (me
679 1012 842 1068 judice)
875 1013 944 1054 hae
980 1013 1170 1068 Species,
1206 1029 1342 1069 quam
1377 1015 1506 1057 facile
1540 1015 1649 1057 deci-

92 1085 281 1141 piamur,
333 1084 369 1126 si
417 1084 719 1140 congruentiis
761 1084 1065 1127 habitualibus
1099 1085 1391 1128 suadentibus
1424 1087 1478 1128 de
1510 1087 1649 1128 affini-

86 1156 252 1199 tatibus
285 1156 594 1198 Floridearum
625 1156 892 1211 judicamus.

229 1228 300 1270 Me
348 1227 530 1284 quidem
580 1227 641 1269 ita
681 1227 734 1269 de
774 1228 991 1270 affinitate
1024 1229 1163 1270 nostri
1196 1229 1300 1272 novi
1336 1230 1522 1272 Generis
1556 1244 1649 1285 pro-

87 1301 209 1341 xima
256 1314 359 1341 cum
408 1299 704 1355 Hypoglossis
751 1299 1042 1354 judicantem,
1092 1301 1354 1355 neutiquam
1395 1302 1522 1356 fugit,
1559 1316 1649 1343 11011

88 1376 263 1413 tantum
298 1385 393 1414 esse
426 1371 631 1412 habitum
664 1370 906 1421 diversum,
939 1370 1014 1412 sed
1038 1371 1171 1413 etiam
1196 1386 1318 1413 soros
1342 1372 1490 1426 quoad
1513 1373 1647 1414 situm

89 1443 268 1485 differre
301 1442 345 1484 in
381 1441 630 1484 Generibus
663 1456 689 1483 a
720 1456 792 1483 me
825 1441 957 1483 hodie
991 1442 1192 1497 proxime
1226 1443 1392 1498 positis.
1445 1444 1563 1485 Dum
1588 1444 1648 1485 ni-

87 1515 249 1556 mirum
286 1514 330 1555 in
366 1513 662 1569 Hypoglossis
695 1513 781 1555 sori
814 1513 859 1554 in
893 1514 990 1568 ipsa
1012 1513 1172 1555 fronde
1194 1520 1477 1569 generantur,
1503 1529 1647 1570 sporo<

88 1586 241 1641 phylla
289 1586 468 1640 propria
516 1585 561 1626 in
610 1584 881 1639 Glossopteri
932 1586 1214 1640 proveniunt,
1264 1586 1308 1627 in
1359 1586 1522 1641 quibus
1562 1587 1647 1628 sori

60 1658 351 1707 ‘formantuig
386 1657 653 1712 adparenter
685 1655 929 1698 admodum
965 1656 1140 1699 diversi.

225 1728 268 1770 Si
312 1728 425 1784 quis,
466 1727 687 1783 ejusmodi
721 1727 998 1782 argumentis
1032 1728 1253 1779 insistens,
1290 1733 1440 1770 tamen
1473 1734 1650 1784 urgeret

84 1800 350 1842 affinitatem
386 1799 638 1854 proximam
670 1798 787 1840 inter
820 1799 998 1854 Species
1031 1813 1057 1840 a
1079 1813 1150 1841 me
1174 1813 1353 1854 quoque
1375 1799 1646 1855 jamdudum

83 1871 139 1913 ad
188 1871 451 1913 Sub-Genus
499 1871 804 1924 Odontophoroe
847 1870 1018 1921 relatas,
1053 1870 1137 1912 hoc
1171 1871 1264 1912 loco
1298 1870 1524 1913 monuisse
1557 1872 1645 1927 pla-

82 1947 161 1993 cet,
197 1957 318 1985 soros
353 1946 772 1997 quantumcumque
805 1941 952 1996 quoad
982 1942 1172 1984 formam
1197 1946 1240 1984 et
1262 1942 1398 1983 situm
1423 1943 1649 1984 variantes

79 2014 125 2055 in
176 2013 460 2070 Nitophyllis,
511 2018 662 2055 tamen
711 2013 859 2068 quoad
901 2013 1045 2069 ipsam
1085 2018 1355 2056 structuram
1389 2027 1517 2055 suam
1551 2028 1645 2068 pro-

80 2085 225 2141 priam
261 2086 333 2128 vix
367 2085 560 2128 invicem
594 2084 785 2126 differre.
839 2084 991 2126 Certos
1024 2084 1085 2126 ita
1118 2099 1212 2126 esse
1245 2084 1520 2126 characteres
1544 2084 1642 2133 sori,

83 2156 246 2211 quibus
294 2157 532 2198 convenire
576 2156 785 2198 videntur
828 2156 923 2211 typi
957 2160 1051 2197 tum
1087 2156 1234 2197 iidem.
1271 2160 1365 2197 tum
1402 2156 1550 2196 forsan
1586 2155 1644 2196 di-

81 2228 210 2278 versi,
259 2228 357 2269 aliis
401 2229 549 2269 forsan
597 2227 927 2270 characteribus
966 2227 1319 2282 divergentibus;
1355 2231 1504 2267 utrum
1540 2240 1645 2268 vero

81 2313 222 2340 unum
272 2313 329 2340 an
377 2298 567 2341 alterum
615 2313 842 2341 assumere
884 2303 1128 2353 opporteat,
1164 2297 1206 2338 id
1243 2298 1316 2339 vix
1351 2297 1435 2337 nisi
1469 2311 1644 2352 compa-

81 2370 254 2411 ratione
287 2369 532 2425 dijudicare
566 2369 792 2412 discimus.

225 2440 483 2482 Meminisse
523 2440 666 2495 placet
709 2455 779 2481 me
813 2440 895 2482 sub
929 2440 1110 2481 nominc
1148 2437 1507 2493 ()cl0nt01)l107·(e’‘²)
1542 2439 1642 2494 Spe-

86 2512 173 2554 cies
200 2511 436 2567 geminas,
487 2525 598 2565 quas
643 2512 807 2552 formas
846 2511 980 2551 unius
1014 2510 1306 2565 ejusdemque
1341 2509 1512 2565 Speciei
1545 2524 1643 2551 con-

83 2582 356 2626 sideraverat
404 2582 599 2637 Harvey,
644 2581 698 2623 ad
745 2581 983 2624 sectionem
1019 2581 1243 2637 propriam
1280 2581 1464 2622 Generis
1500 2580 1642 2622 Deles·

223 2702 256 2745 ²⁶)
282 2703 428 2735 Nomen
459 2701 729 2744 ()(ἷοήΐο])Ιιονιμ,
757 2701 857 2743 quod
879 2701 1035 2734 sectioni
1057 2700 1215 2734 Generis
1234 2700 1492 2743 usurpandum
1513 2700 1641 2743 putavi

82 2765 212 2805 utpote
239 2762 325 2795 huic
352 2761 709 2798 characteristicum,
739 2760 849 2793 hodie
876 2760 968 2793 mihi
1002 2759 1152 2802 species
1179 2759 1310 2792 allatas
1337 2759 1498 2801 propriis
1526 2761 1644 2792 (riene-

82 2821 185 2855 ribus
225 2821 370 2864 typicas
409 2820 675 2862 esmsideranti,
715 2819 933 2853 ovitandun1
965 2818 1184 2861 adparuisse
1211 2822 1341 2861 utpote
1368 2818 1504 2852 Generi
1533 2818 1645 2860 longe

81 2880 230 2914 diverso
254 2880 479 2923 jamdudum
505 2880 701 2922 tributum,
729 2878 947 2912 meminisse
974 2878 1106 2921 placet.
