1875 3116
174 110 255 150 164
456 131 469 149 .
794 101 1109 141 DELESSERIAE.
1437 96 1734 138 δεῖωῗεοηθιινα.

170 226 372 281 margine
405 223 461 266 ad
495 221 743 277 marginem
779 218 924 260 ductis
957 217 1080 273 (ipsis
1113 215 1282 258 cellulis
1316 214 1470 257 eadem
1495 214 1736 256 directione

171 296 403 351 elongatis)
437 307 628 349 quarum
664 291 878 334 serierum
913 288 1094 331 cellulas
1125 287 1315 329 invicem
1341 287 1610 328 alternantes
1634 298 1737 339 quo-

171 383 257 423 que
300 367 465 409 dixisse
508 366 652 421 placet
684 390 740 394 —
772 363 854 404 has
899 375 1003 403 vero
1044 360 1278 402 interiores
1311 357 1570 400 cellularum
1605 356 1738 398 series

173 443 425 482 extrorsum
475 436 672 479 obtectas
719 433 972 476 numerosis
1014 431 1183 474 cellulis
1222 429 1401 476 cubicis
1437 442 1462 470 a
1494 427 1645 469 costali
1680 441 1738 468 re—

171 512 302 567 gione
351 509 538 565 paginas
587 520 743 550 versus
790 503 1017 546 radiantes
1054 500 1367 550 formantibus,
1403 499 1594 555 geminis
1628 500 1740 554 ejus-

173 583 293 625 modi
342 582 478 624 radiis
527 579 715 634 singulis
763 576 932 619 cellulis
979 574 1173 630 regionis
1221 572 1396 615 costalis
1435 570 1739 626 superpositis,

174 654 308 696 nullis
332 656 553 708 quantum
572 650 665 693 vidi
689 648 865 690 indiciis
888 646 1130 702 adparatus
1148 643 1385 699 cujusdam
1404 642 1741 684 intercellularis

174 752 229 757 ——
264 724 456 781 propriis
496 723 586 764 suis
627 711 987 763 anastomosissus
1025 716 1277 771 conjunctis
1310 741 1366 745 --
1400 715 1527 756 aliter
1558 713 1742 754 0111111110

174 802 442 840 structuram
478 794 653 836 frondis
686 791 920 834 observavi
955 790 1000 831 in
1034 788 1131 830 aliis
1156 787 1410 843 Speciebus,
1435 800 1548 841 quas
1572 784 1742 826 Schizo·

173 883 325 911 neurae
366 867 545 923 Species
588 878 767 920 quoque
800 862 1121 904 constituentes
1152 859 1364 915 judicavi.
1428 857 1478 898 In
1514 857 1584 898 his
1617 855 1742 897 nimi-

174 956 290 991 rum,
325 939 518 982 sectione
551 937 669 978 facta
716 933 1002 977 transversali
1047 931 1186 974 caulis
1219 930 1454 972 inferioris.
1492 928 1580 970 vidi
1616 927 1743 969 cellu-

175 1014 319 1055 larum
371 1011 505 1053 series
554 1008 793 1050 exteriores
840 1006 902 1048 ita
942 1003 1114 1046 intimis
1157 1001 1471 1058 superpositas,
1507 1004 1556 1041 ut
1589 1013 1744 1051 omnes

179 1086 260 1126 has
308 1082 569 1126 cellularum
619 1080 752 1122 series
801 1078 1071 1119 alternantes
1120 1074 1326 1121 dicerem,
1373 1072 1543 1113 intimis
1577 1070 1745 1112 cellulis

178 1155 437 1211 majoribus,
489 1152 667 1195 extimis
716 1149 986 1198 minoribus;
1034 1147 1151 1188 inter
1189 1145 1369 1187 cellulas
1402 1143 1571 1185 alterne
1604 1142 1744 1197 (lispo-

179 1228 285 1269 sitas
331 1226 600 1282 adparatum
637 1222 730 1265 vidi
763 1220 1022 1263 cellularum
1058 1216 1462 1259 minutissimarum
1499 1219 1746 1256 anastomo-

178 1298 377 1341 santium
400 1297 450 1353 (P)
499 1310 579 1338 5110
627 1293 812 1337 reticulo
861 1290 1042 1333 cellulas
1087 1289 1277 1331 extimas
1309 1302 1409 1329 cum
1446 1285 1616 1327 intimis
1649 1299 1746 1326 con-

177 1368 483 1427 jungentibus.

322 1441 454 1483 Hanc
503 1443 736 1482 structurae
784 1434 1098 1483 differentiam,
1148 1446 1284 1487 quan]
1332 1431 1449 1472 inter
1494 1430 1548 1471 D.
1585 1428 1748 1482 Querel-

173 1514 332 1569 foliam
380 1516 422 1554 et
469 1511 577 1553 alias
626 1509 818 1565 Species,
868 1520 980 1561 quas
1029 1505 1339 1547 Schizoneurae
1381 1502 1484 1542 011111
1522 1499 1662 1548 retuli,
1698 1512 1748 1540 eo

181 1585 324 1640 magis
358 1580 806 1626 animadvertendam
836 1578 948 1620 mihi
977 1576 1248 1631 adparuisse,
1275 1588 1416 1628 quum
1440 1573 1523 1614 hoc
1547 1574 1749 1626 respectu
1803 1584 1806 1587 ⁴

182 1657 237 1698 D.
278 1655 582 1710 Quercc'folz'am
615 1652 741 1708 quasi
776 1650 918 1706 magis
953 1649 1008 1690 ad
1042 1646 1302 1702 Nitophylla
1334 1643 1620 1686 accedentem
1645 1641 1747 1689 vidi,

183 1728 292 1769 dum
341 1727 449 1769 alias
495 1725 673 1781 Species
708 1723 1018 1765 Schizoneuree
1052 1733 1133 1761 sua
1165 1722 1388 1760 structura
1420 1730 1521 1758 cum
1558 1713 1749 1756 Delesse-

183 1800 285 1841 rieis
333 1797 524 1854 propriis
571 1795 716 1851 magis
759 1793 1075 1836 convenientes
1110 1789 1313 1831 dicerem.
1379 1787 1626 1842 Cujusnam
1662 1798 1751 1825 mo-

186 1870 325 1912 menti
361 1870 450 1911 sint
481 1869 550 1910 hae
584 1871 816 1909 structurae
850 1862 1115 1905 differentiae
1149 1860 1355 1915 equidem
1392 1858 1638 1914 dijudicare
1660 1869 1751 1897 11011

186 1942 411 1990 auderem,
462 1954 604 1994 quum
653 1936 802 1992 quoad
849 1939 997 1991 partes
1045 1931 1399 1974 fructificationis
1433 1930 1541 1972 alias
1575 1927 1752 1983 Species

186 2013 318 2055 hodie
352 2011 461 2053 mihi
497 2009 618 2051 haud
646 2009 708 2050 ita
731 2007 931 2062 cognitas
955 2006 1099 2046 dicere
1123 2003 1346 2055 auderem,
1372 2006 1422 2043 ut
1443 2001 1527 2042 hoc
1549 2002 1751 2055 respectu

186 2085 442 2140 opinionem
493 2086 657 2123 certam
707 2079 761 2121 de
809 2078 1014 2133 proxima
1063 2089 1215 2117 earum
1265 2073 1482 2115 affinitate
1521 2071 1752 2125 concipere

187 2156 413 2198 auderem.
479 2152 610 2202 Quod
645 2165 749 2194 vero
783 2149 942 2191 attinet
974 2147 1240 2189 affinitatem
1274 2145 1329 2187 D.
1362 2143 1629 2198 Qucreifolioe
1660 2142 1751 2196 jam

188 2227 323 2269 hodie
357 2225 522 2268 dixisse
556 2223 701 2279 placet
732 2222 849 2263 hanc
882 2218 1030 2275 quoad
1065 2222 1331 2259 structuram
1357 2215 1501 2257 nuclei
1527 2213 1756 2256 evidenter

193 2297 476 2341 1)elesserieis
525 2294 716 2351 propriis
762 2293 997 2349 pertinere,
1036 2304 1117 2331 nec
1150 2287 1466 2344 Nitophylleis3
1503 2286 1536 2327 si
1571 2284 1753 2339 quidem

192 2370 394 2411 insistere
428 2367 557 2408 liceat
590 2363 934 2411 characteribus,
970 2375 1081 2417 (11105
1114 2361 1184 2401 1115
1217 2359 1335 2414 typis
1368 2357 1555 2400 diversis
1582 2355 1754 2397 charac-

189 2440 406 2483 teristicos
454 2438 586 2479 hodie
628 2440 845 2492 putarem.
912 2433 1003 2474 Nec
1036 2432 1162 2474 aliter
1194 2430 1248 2472 de
1281 2429 1497 2471 affinitate
1530 2428 1585 2469 D.
1621 2426 1754 2468 dicho-

192 2516 309 2554 t0ma=
351 2510 612 2566 judicarem,
653 2507 868 2549 suadente
901 2509 1123 2546 structura
1157 2507 1199 2544 et
1231 2500 1497 2543 evolutionis
1530 2497 1662 2539 modo
1695 2497 1754 2551 ip-

193 2584 284 2624 sius
331 2581 488 2632 nuclei,
524 2579 702 2635 qualem
736 2579 853 2619 hanc
887 2576 999 2618 bene
1032 2574 1257 2617 evolutam
1290 2572 1525 2613 observare
1558 2567 1753 2622 contigit.

337 2652 495 2701 Quoad
546 2649 796 2693 habituales
844 2652 971 2689 notas
1013 2644 1369 2687 animadvertere
1410 2642 1552 2697 placet
1586 2639 1754 2681 Schizo-

198 2739 356 2766 neuras
405 2723 461 2764 ad
504 2723 652 2778 plures
691 2720 800 2762 alias
834 2720 999 2761 formas
1034 2716 1408 2758 Delesseriearum
1441 2713 1503 2754 ita
1535 2709 1754 2755 accedere,

196 2803 244 2836 ut
288 2795 340 2836 dc
380 2795 584 2849 proxima
616 2793 835 2834 affinitate
868 2804 970 2831 011111
1003 2789 1073 2829 1115
1107 2787 1244 2829 <lubia
1276 2784 1483 2840 quaedam
1518 2783 1590 2824 vix
1625 2780 1758 2822 allata

196 2871 414 2921 putarem.
481 2864 657 2905 leonem
707 2863 764 2904 I).
804 2860 1084 2914 Quemfolzsoe,
1134 2871 1269 2911 quam
1317 2855 1463 2910 prima
1509 2853 1604 2894 vice
1637 2850 1758 2893 dedit
