1875 3116
73 80 299 122 Holmesia.
648 79 1043 120 sso'rRYOCARPEAE.
1551 78 1631 117 145

71 198 167 240 aliis
200 198 350 238 minus
384 197 626 243 evolutum,
658 197 869 239 obvenire
903 211 1030 252 posse
1064 196 1217 251 putavi
1251 195 1312 237 ita
1343 194 1630 237 abludentem

70 275 117 310 ut
151 268 354 310 dubitare
388 268 548 317 liceret,
585 274 735 309 utrum
770 268 938 321 majore
970 268 1068 323 jure
1102 272 1179 309 aut
1211 267 1285 308 uixi
1313 271 1391 309 aut
1412 267 1534 309 alteri
1560 266 1632 308 ad-

70 339 354 387 scriberetur;
392 339 539 380 nescio
574 353 689 380 anne
723 339 806 380 hoc
834 339 950 380 idem
974 339 1072 393 jure
1096 338 1292 393 quodam
1316 338 1460 380 dicere
1484 338 1634 380 liceret

70 410 123 452 de
156 411 324 461 formis,
360 424 472 465 quas
506 410 844 465 Eotryocarpeis
878 410 1105 466 proximas
1138 409 1348 465 judicavi.
1404 410 1470 451 Ita
1503 410 1632 451 inter-

68 486 263 536 pretatas
297 481 472 524 easdem
509 480 700 522 dicerem
737 482 827 522 suis
870 481 1200 523 characteribus
1233 481 1395 523 eximie
1428 480 1631 523 conveni-

69 557 190 594 entes
238 557 333 593 tum
368 555 590 593 structura
623 551 795 593 frondis
829 556 871 593 et
894 552 1096 606 partium
1131 551 1500 602 fructificationis,
1534 556 1628 594 tum

68 624 228 665 harum
263 624 457 679 partium
492 623 782 677 dispositione
815 623 1015 678 analoga,
1048 629 1142 664 tum
1168 623 1470 664 habitualibus
1493 624 1629 674 notis;

68 693 278 735 omnibus
312 708 416 736 vero
449 693 518 735 his
551 693 882 735 characteribus
915 694 960 735 in
995 694 1181 736 diversis
1215 694 1465 737 Generibus
1498 695 1632 736 modo

68 764 295 820 paulisper
336 765 459 807 vario
505 764 566 806 ita
599 764 836 818 perductis,
872 770 922 806 ut
954 765 1007 806 de
1041 765 1126 806 illis
1160 770 1357 820 repetere
1389 765 1631 809 voluissem

68 840 196 878 vetus
244 835 372 878 illud:
429 836 587 878 »facies
630 850 718 877 non
764 836 974 878 omnibus
1008 851 1110 886 una,
1146 851 1225 878 nec
1259 836 1436 879 diversa
1466 842 1630 887 tamen,

68 907 211 962 qualis
245 907 371 949 decet
403 921 497 949 esse
531 921 776 949 sororum».

213 978 525 1034 Botryocarpae
559 979 737 1020 unicam
773 979 975 1034 Speciem
1010 979 1119 1020 mihi
1153 979 1375 1034 cognitam
1410 979 1574 1021 habeo:

102 1088 134 1128 l.
209 1086 257 1127 Β.
294 1100 558 1127 PRomFERA
600 1086 722 1129 Grev.
759 1087 825 1139 (J.
861 1086 941 1139 Ay.
977 1087 1124 1139 Epicr.
1150 1102 1196 1140 p.
1232 1088 1353 1140 476).

107 1262 294 1314 GENUS
338 1262 426 1313 III.
508 1263 586 1313 De
627 1267 904 1313 structura
945 1268 992 1313 ct
1036 1262 1301 1314 affinitate
1342 1264 1595 1332 proxima

693 1346 1014 1398 HOLMESIAE.

209 1477 258 1518 In
307 1477 432 1519 Bidr.
469 1478 563 1530 Alq.
602 1478 713 1532 Syst.
740 1481 856 1531 part.
892 1478 961 1519 VI
980 1493 1025 1530 p.
1060 1482 1120 1519 37
1160 1491 1326 1520 novum
1375 1478 1527 1520 Genus
1560 1478 1631 1520 ad-

65 1548 251 1589 modum
300 1549 591 1604 conspieuum
643 1548 890 1590 describere
939 1548 1187 1603 periculum
1235 1549 1334 1599 feei,
1374 1549 1493 1604 quod
1528 1564 1630 1604 quo-

69 1619 309 1661 dammodo
358 1619 676 1661 intermedium
716 1620 830 1661 inter
862 1620 1199 1675 Botryocamoam
1232 1624 1275 1661 et
1307 1621 1632 1674 Nem·09l033um

66 1691 234 1746 putavi.
301 1690 453 1732 Genus
487 1691 570 1732 hoc
604 1690 916 1746 magnitudine
945 1690 1118 1732 frondis
1142 1691 1356 1737 eminens,
1381 1696 1477 1733 tum
1500 1692 1632 1733 firmi—

64 1766 152 1803 tate
201 1766 243 1804 et
284 1763 428 1804 colore
461 1761 632 1803 frondis
665 1767 1018 1817 purpurascente
1051 1777 1077 1803 a
1109 1762 1314 1817 plurimis
1348 1763 1630 1806 Delesserieis

63 1833 155 1887 jain
205 1834 350 1888 primo
398 1833 612 1888 adspectu
659 1832 1028 1888 dignoscendum,
1074 1839 1171 1875 tum
1205 1838 1426 1875 structura
1457 1834 1630 1876 frondis

64 1910 106 1946 et
154 1904 443 1959 dispositione
491 1904 687 1959 partium
731 1903 1086 1946 fructificationis
1120 1904 1315 1959 quodam
1350 1904 1482 1947 modo
1515 1918 1628 1947 acce-

67 1975 168 2017 dere
218 1975 407 2018 dicerem
458 1975 514 2017 ad
563 1976 912 2030 Botryocarpam,
959 1976 1055 2017 aliis
1088 1981 1235 2017 autem
1273 1975 1500 2031 nonnullis
1533 1976 1629 2018 cha-

66 2047 312 2089 racteribus
361 2046 514 2088 Genus
562 2047 793 2102 proprium
849 2047 1164 2088 indicantibus.
1238 2047 1348 2088 Mihi
1397 2047 1528 2089 hodie
1576 2047 1630 2089 de

63 2118 212 2160 valore
260 2118 581 2168 characterum,
633 2117 796 2173 quibus
838 2118 1030 2160 invicem
1071 2118 1390 2173 dignoscantur
1422 2119 1516 2173 typi
1550 2118 1629 2161 De-

63 2189 371 2231 lesseriearum
407 2189 583 2238 diversi,
622 2189 848 2244 paulisper
880 2189 1007 2231 aliter
1027 2189 1260 2244 judicanti,
1286 2189 1438 2230 Genus
1461 2203 1628 2231 novum

64 2260 210 2314 quoad
262 2260 537 2302 characteres
580 2259 742 2314 quibus
784 2260 1083 2315 dignoscatur,
1120 2265 1162 2301 et
1194 2260 1357 2314 quibus
1390 2260 1539 2302 forsan
1573 2261 1629 2303 ad

64 2331 173 2373 alios
191 2331 341 2386 Typos
360 2331 567 2373 accedere
588 2331 823 2379 videretur,
850 2332 1010 2374 iterum
1031 2331 1440 2386 recognoscendum
1460 2332 1627 2387 putavi.

208 2402 257 2443 In
293 2401 589 2443 affinitatibus
623 2402 835 2443 nimirum
874 2402 1245 2444 Delesseriearum
1278 2402 1534 2456 judicandis
1557 2403 1629 2445 ho-

64 2473 134 2515 die
168 2474 442 2529 praecipuam
476 2473 704 2528 quandam
738 2473 829 2515 vim
872 2473 1202 2515 attribuendam
1238 2487 1332 2515 esse
1365 2477 1459 2514 tum
1495 2479 1629 2515 struc-

63 2549 173 2586 turae
222 2544 361 2599 ipsius
410 2544 595 2592 frondis,
646 2548 741 2585 tum
791 2544 1121 2586 characteribus
1160 2558 1213 2585 ex
1246 2544 1448 2599 partibus
1481 2545 1629 2586 fructi—

63 2616 281 2657 ficationis
315 2616 463 2670 petitis
497 2615 752 2670 suspicanti,
790 2615 897 2656 mihi
931 2615 1191 2670 adparuisse
1215 2620 1402 2670 utroque
1426 2621 1627 2671 respectu

71 2687 223 2728 Genus
258 2700 424 2728 novum
461 2700 563 2727 suos
596 2686 755 2727 offerre
788 2686 1062 2728 characteres
1096 2686 1176 2727 sibi
1213 2686 1424 2741 proprios.

210 2757 487 2812 Praecipuani
536 2757 762 2812 quandam
799 2757 1094 2799 differentiam
1131 2757 1244 2798 inter
1277 2758 1349 2798 fila
1380 2758 1627 2812 gemmidii-

66 2827 162 2869 fera
210 2842 309 2883 quae
356 2829 400 2869 in
445 2827 715 2883 Nitophyllis
758 2828 1013 2878 obveniant,
1053 2834 1095 2870 et
1127 2842 1178 2869 ea
1210 2843 1311 2883 qua)
1344 2828 1629 2872 Delesserieis

1440 2912 1485 2946 10
