1875 3116
98 64 402 118 Nitophyllum.
697 68 1058 112 NrrorHYLLEAE.
1599 73 1653 114 97

95 186 137 224 et
183 182 344 224 harum
392 185 784 229 transformatione
832 188 918 229 sori
966 189 1182 240 oriuntur,
1232 190 1359 244 quasi
1407 190 1453 231 in
1502 190 1654 245 phyllo

95 254 273 309 proprio
305 256 515 309 generati.
583 257 642 299 Ut
674 272 777 299 vero
811 259 1012 301 rachides
1046 260 1139 301 folii
1174 261 1343 303 steriles
1375 260 1561 304 ulterius
1585 275 1652 303 ex-

94 329 298 367 crescunt
341 330 383 367 et
422 326 783 379 subdividuntur,
824 343 951 371 novae
991 329 1162 373 laciniae
1196 332 1361 373 infimae
1394 331 1437 373 in
1474 332 1541 374 his
1574 333 1653 374 ori-

94 400 242 441 untur,
278 410 378 451 quae
402 411 482 438 suo
505 398 659 441 ordine
683 400 879 442 soriferae
903 400 1110 450 evadunt,
1136 416 1303 444 novum
1330 417 1492 450 sorum,
1518 417 1653 458 supra

94 466 290 522 primum
337 467 615 523 dispositum,
650 470 909 512 formantes.
976 471 1076 520 Qua
1109 473 1361 515 evolutione
1394 474 1654 515 continuata

92 551 231 580 novos
265 552 399 588 soros,
434 553 576 580 unum
612 554 746 595 supra.
779 542 966 583 alterum
998 543 1262 598 dispositum
1286 546 1485 599 generari
1510 549 1649 600 patet;

91 613 133 650 et
164 609 245 651 hos
277 623 399 651 soros
431 610 547 651 inter
578 611 780 665 geminas
814 612 1015 655 rachides
1048 613 1142 655 i'olii
1170 615 1362 669 elongati
1386 615 1652 670 adparenter

92 679 329 735 dispositos
377 680 588 723 obvenire
637 681 807 733 debere,
858 689 991 738 patet.
1057 684 1175 726 Hinc
1214 685 1259 726 in
1293 686 1400 727 folio
1433 685 1650 733 adultiore

90 755 132 792 et
179 751 291 793 bene
339 752 568 794 fructifero
612 752 847 795 observare
891 754 1020 795 liceat
1052 770 1172 797 soros
1206 757 1245 811 (a
1278 770 1457 811 quaque-
1490 757 1649 798 lacinia

90 821 297 864 inferiore
329 822 524 864 rachidis
558 822 872 879 decompositae
905 826 1243 881 provenientes),
1284 827 1412 881 quasi
1445 827 1649 869 axillares

88 897 131 934 et
177 892 447 936 alternantes
495 895 610 936 inter
657 895 858 949 geminas
907 909 1109 951 quasque
1156 898 1357 939 rachides
1406 898 1646 953 elongatam,

87 963 250 1018 quibus
299 965 577 1006 sustinentur
626 965 798 1007 laciniae
845 967 1122 1022 pinnatifidae
1171 969 1337 1010 steriles
1385 969 1645 1024 superiores,

87 1034 382 1091 Sporophylla
414 1036 550 1091 igitur
580 1037 627 1078 in
661 1036 714 1079 N.
749 1037 1007 1093 platycarpo
1041 1038 1288 1080 obveniunt
1308 1039 1556 1081 consimilia
1580 1040 1644 1089 iis,

89 1119 189 1160 quae
220 1106 268 1148 in
302 1106 542 1162 Speciebus
576 1107 673 1149 aliis
705 1108 789 1150 hoc
822 1109 916 1150 loco
950 1109 1151 1164 proxime
1184 1110 1408 1165 dispositis
1436 1124 1646 1165 generan—

88 1181 171 1227 tur,
207 1182 251 1219 at
283 1177 331 1220 in
364 1179 506 1234 magis
540 1178 723 1221 definita
755 1184 878 1234 parte
911 1180 1084 1222 frondis
1116 1187 1335 1236 generata.

227 1248 270 1290 Si
306 1249 531 1304 ejusmodi
564 1250 729 1305 phylla,
770 1251 953 1292 unicum
990 1265 1139 1293 sorum
1172 1252 1430 1307 generantia
1462 1253 1506 1293 in
1540 1266 1644 1294 una-

86 1333 265 1374 quaque
297 1321 387 1362 fere
421 1320 573 1371 Tribu,
608 1335 886 1377 quamquam
920 1322 1005 1364 alio
1036 1327 1238 1378 respectu
1261 1337 1376 1378 saepe
1399 1323 1640 1365 admodum

83 1389 269 1441 diversa,
320 1391 531 1434 obvenire
571 1407 700 1448 posse
745 1398 931 1444 constat,
965 1394 1075 1435 mihi
1109 1394 1286 1448 quidem
1323 1394 1530 1449 adparuit
1561 1408 1642 1435 nec

86 1461 206 1503 hunc
238 1462 537 1505 characterem
572 1463 986 1520 Botryoglossorum
1022 1479 1115 1507 esse
1149 1466 1244 1520 ejus
1267 1465 1495 1513 momenti,
1520 1470 1641 1506 uteo

84 1531 273 1575 ducente
316 1534 469 1576 Genus
501 1535 734 1590 proprium
767 1536 820 1578 iis
852 1536 1176 1578 instituendum
1213 1551 1319 1586 csse,
1354 1550 1639 1578 assumerem.

82 1663 150 1704 70.
218 1663 322 1705 Nrr.
358 1651 702 1706 PL'ATYCARPUM
740 1665 871 1707 Turn.
935 1666 979 1708 J.
1014 1665 1096 1718 Ay.
1129 1666 1275 1718 Epicr.
1302 1681 1346 1718 p.
1382 1669 1484 1708 470.

220 1759 275 1792 De
313 1759 384 1792 hac
423 1759 563 1802 Specie,
602 1758 827 1802 jamdudum
864 1760 1062 1802 descripta,
1096 1761 1172 1792 fere
1199 1760 1360 1793 dicerem
1388 1770 1467 1792 eam
1497 1770 1516 1793 a
1545 1764 1640 1794 vete-

79 1817 183 1851 ribus
219 1818 265 1851 de
292 1818 396 1861 Algis
423 1818 670 1862 scriptoribus
701 1819 838 1852 melius
864 1819 1148 1862 interpretatam
1177 1819 1303 1860 fuisse,
1331 1830 1442 1861 quam
1470 1830 1489 1852 a
1518 1830 1636 1852 recen-

77 1876 246 1910 tioribus.
297 1879 461 1920 leonem,
489 1889 600 1921 quam
629 1879 700 1911 sub
726 1879 881 1911 nomine
907 1877 988 1912 Del.
1007 1878 1131 1912 lobatae
1157 1879 1246 1911 olim
1266 1878 1367 1911 dedit
1390 1879 1635 1919 Lainoumux,

77 1935 155 1978 jam
183 1937 417 1971 characteres
444 1937 583 1980 speciei
610 1938 689 1971 fere
715 1937 851 1971 melius
879 1938 1073 1980 exhibent,
1109 1948 1219 1979 quam
1248 1948 1293 1970 ex
1320 1937 1636 1980 descriptionibus

75 1996 325 2030 recentiorum
366 1997 517 2030 eosdem
558 1997 628 2030 rite
667 2007 892 2039 cognoscere
930 1997 1050 2030 liccat.
1102 1998 1177 2030 Nec
1209 1997 1255 2029 119
1282 1997 1464 2029 limitibus
1492 1997 1634 2039 ¹<peciei

75 2054 272 2089 dubitasse
298 2056 475 2090 videntur
500 2059 666 2096 veterem
707 2057 778 2090 sub
804 2057 958 2090 nomine
984 2067 1072 2090 vero
1102 2055 1148 2090 N.
1170 2055 1379 2099 platyearpi
1405 2056 1558 2088 0111111110
1585 2056 1634 2088 111-

75 2124 201 2147 versas
241 2115 390 2158 Species
430 2126 451 2148 a
489 2116 762 2150 recentioribus
797 2116 1007 2149 intellectas
1040 2116 1168 2157 tuisse,
1204 2116 1240 2148 id
1279 2125 1347 2148 nec
1386 2114 1471 2147 ullis
1509 2115 1633 2148 ‹lubiis

72 2183 204 2207 vacare
230 2178 412 2217 putarem.

214 2234 355 2267 Verum
393 2235 432 2268 F.
460 2234 719 2278 platycarpum
759 2246 842 2268 esse
881 2235 1049 2277 Speciem
1090 2234 1310 2276 Capcnscm,
1338 2244 1448 2275 quam
1476 2243 1630 2275 sequen-

74 2291 174 2325 tibus
214 2293 492 2327 characteribus
531 2294 748 2327 distinctam
788 2294 962 2327 dicerem.
1019 2294 1103 2328 ι111111
1142 2295 1220 2326 fere
1258 2293 1296 2325 in
1333 2292 1491 2335 juvenili
1530 2295 1629 2325 statu

73 2351 281 2394 stipitatam
310 2353 397 2395 vidi,
426 2353 554 2396 stipite
581 2353 619 2386 in
647 2353 830 2387 adultiore
857 2353 994 2395 saepius
1024 2353 1161 2394 pluries
1189 2352 1320 2390 ‹lix-iso,
1341 2351 1453 2384 ramis
1472 2351 1631 2391 singulis

74 2410 218 2453 folium,
255 2412 354 2454 quod
390 2412 514 2455 ipsum
546 2413 624 2446 fere
650 2413 932 2446 semicostatum
961 2412 1134 2452 dicerem,
1161 2410 1448 2444 sustinentibus.
1499 2411 1628 2453 Ipsum

78 2469 210 2503 folium
237 2471 405 2514 juvenile
432 2472 510 2505 vidi
540 2472 904 2515 palmato-Iobatum,
932 2472 1027 2504 lobis
1056 2470 1294 2513 paucioribus
1321 2474 1355 2502 et
1383 2470 1452 2503 rito
1475 2470 1629 2512 palmati

74 2528 178 2569 fidis;
217 2534 329 2573 prout
367 2531 557 2573 adolescit,
595 2532 638 2565 fit
675 2532 794 2574 inagis
834 2531 1027 2573 magisque
1066 2529 1287 2572 pinnatifido
1317 2529 1628 2571 decompositum,

70 2586 168 2621 lobis
196 2599 334 2633 nempe
360 2591 547 2633 supremis
574 2594 611 2624 et
638 2591 878 2624 interioribus
906 2589 1099 2631 elongatis,
1127 2588 1374 2621 exterioribus
1394 2588 1628 2621 brevioribus

69 2649 106 2680 et
142 2648 268 2682 minus
307 2650 538 2693 compositis,
576 2650 728 2684 extimis
756 2654 792 2683 et
818 2649 958 2682 infimis
988 2649 1046 2681 vix
1076 2648 1258 2690 elongatis
1286 2651 1317 2679 ct
1348 2647 1399 2680 ita
1425 2647 1627 2690 conspicue.

73 2705 320 2749 brevioribus,
358 2707 456 2741 inter
492 2709 664 2742 rachides
704 2709 895 2750 elongatus
934 2707 1038 2749 quasi
1078 2706 1307 2739 axillaribus.
1359 2706 1453 2739 Sunt
1486 2707 1625 2739 11110111

73 2764 206 2808 infimi,
245 2766 309 2808 qui
346 2767 487 2800 sensim
528 2768 673 2801 soriferi
708 2768 883 2808 evadunt,
911 2776 1010 2799 nunc
1037 2765 1173 2807 singuli
1203 2765 1239 2797 in
1267 2765 1380 2798 axilla
1405 2765 1623 2799 laciniarum

71 2823 340 2868 elongatarum,
367 2837 468 2860 nunc
494 2826 619 2869 plures
646 2826 872 2870 superpositi
899 2825 953 2868 (ut
977 2835 1112 2867 nempe
1131 2824 1205 2858 10111
1225 2825 1395 2867 proxime
1413 2826 1625 2868 superiores

1458 2897 1476 2906 r·-

1462 2907 1472 2929 d
