1875 3116
91 134 344 177 Grfnnellsia.
707 131 1024 172 Dssmssssmffl.
1567 131 1646 170 197

118 254 151 293 1.
222 252 302 293 GL.
339 251 538 292 LYALLH
573 250 685 302 (Del.
724 249 885 303 Lgsalle‘i
920 249 1051 290 Hook.
1087 253 1123 290 et
1158 247 1290 290 Ham.
1331 248 1458 289 Loml.
1483 248 1644 290 «Ῑοιινη.

219 338 264 376 p.
308 324 420 370 40⁸2,-
472 321 613 376 Crypt.
654 325 736 363 ant.
780 322 860 363 lab.
906 324 1017 373 176;
1062 320 1105 361 J.
1148 320 1228 373 Ay.
1275 320 1418 372 Epicr.
1448 335 1492 373 p.
1527 320 1642 373 482)

227 408 306 435 nec
340 394 475 436 Hal-21.
512 394 605 446 Azy.
640 397 770 435 auslr.
805 392 949 434 arsiae.
986 405 1066 433 nec
1100 391 1228 445 Phyc.
1263 394 1394 433 aastr.

121 548 307 600 GENUs
350 547 438 598 IX.
518 547 597 597 De
637 550 914 597 structura
954 550 1006 596 el
1046 544 1313 596 affinitate
1355 544 1610 613 proxima

676 629 1051 680 GRINNELLIAE.

224 752 431 793 Plantam
478 750 582 791 huic
631 748 792 790 Generi
839 749 1048 804 typicam,
1091 749 1184 803 jam
1231 763 1258 790 a
1307 748 1350 791 O.
1387 748 1566 802 Ayardh
1599 751 1647 789 ut

83 824 287 880 Speciem
336 820 594 864 Delesseriae
642 819 828 861 Generis
877 818 1158 874 descriptam,
1209 819 1365 860 habitu
1414 833 1494 861 suo
1542 832 1646 860 cum

82 897 174 938 Del.
209 894 446 949 sanyuinea
478 892 605 948 quasi
639 891 842 947 proxime
875 890 1231 940 convenientem,
1267 905 1291 931 a
1325 890 1509 946 Harvey
1541 903 1646 932 vero

81 972 239 1023 typum
264 965 534 1007 Genericum
557 963 709 1005 sistere
731 962 963 1018 proprium
989 961 1314 1003 consideratam
1340 962 1488 1011 fuisse,
1515 960 1646 1003 hodie

82 1038 340 1081 meminisse
387 1036 542 1092 placet.
608 1034 761 1076 Grenus
809 1033 894 1075 hoc.
941 1047 1111 1075 novum
1156 1033 1204 1074 in
1236 1033 1418 1088 propria
1450 1033 1644 1074 sectione

83 1109 459 1152 Delesseriearum
491 1132 549 1137 —
587 1106 838 1148 evolutione
886 1108 1019 1146 costae
1066 1103 1276 1145 distincta
1308 1129 1365 1133 ——
1403 1118 1492 1145 una
1540 1118 1643 1146 cum

83 1182 255 1224 Genere
290 1178 547 1222 Delesseriae
581 1177 801 1233 disposuit
834 1176 1034 1232 Harvey;
1084 1175 1350 1221 charactere,
1386 1189 1474 1230 quo
1508 1189 1533 1217 a
1566 1175 1646 1217 De-

82 1253 262 1296 lesseria
294 1251 640 1308 dignosceretur,
681 1249 905 1305 praecipue
938 1248 1076 1304 petito
1110 1262 1135 1289 a
1169 1246 1301 1288 modo
1335 1246 1522 1297 diverso,
1557 1260 1646 1302 quo

82 1325 413 1381 sphaerosporas
435 1323 482 1364 in
505 1322 575 1364 his
607 1321 857 1364 Generibus
880 1319 1068 1363 diversis
1090 1319 1293 1375 generari
1317 1318 1643 1361 observaverat.

84 1396 155 1438 Me
187 1397 336 1451 ipsum
370 1394 533 1450 pressis
566 1393 755 1449 pedibus
789 1392 1054 1447 Harveyum
1088 1391 1132 1432 in
1169 1390 1342 1432 Genere
1367 1389 1646 1445 disponendo

82 1472 284 1510 secutum
334 1466 491 1516 fuisse;
542 1464 839 1519 Kiitzingium
889 1477 1005 1514 vere,
1057 1462 1170 1504 duce
1217 1466 1267 1503 ut
1308 1461 1485 1503 videtur
1525 1460 1646 1503 Mon·

82 1544 257 1595 tagneo,
305 1538 351 1579 in
403 1537 472 1591 Sp.
508 1537 657 1591 Alyar.
693 1536 894 1591 plantam
932 1549 959 1576 a
990 1548 1036 1576 se
1069 1535 1165 1590 ipso
1198 1547 1288 1575 non
1322 1532 1640 1579 examinatam,

83 1610 138 1652 ad
187 1624 319 1652 suum
362 1607 698 1664 Cryptopleurae
741 1607 896 1648 Genus
929 1605 1144 1656 retulisse,
1180 1604 1312 1647 hodie
1345 1617 1524 1659 quoque
1557 1603 1647 1645 ani-

84 1680 456 1724 madvertendum
505 1679 692 1722 videtur.
758 1678 811 1720 In
858 1677 1031 1728 ultima,
1075 1691 1102 1718 a
1141 1690 1212 1718 me
1254 1676 1433 1731 cognita
1465 1675 1646 1730 disposi-

83 1752 202 1794 tione
245 1752 392 1806 (Engsl.
427 1756 463 1793 et
497 1751 661 1792 Prantl.
689 1766 734 1804 p.
769 1751 880 1804 403)
923 1747 1219 1790 Grinnelliam
1254 1746 1553 1803 Nitophylleis
1586 1760 1647 1788 re-

83 1824 221 1866 latam
255 1823 406 1873 fuisse,
447 1822 612 1864 dixisse
645 1825 863 1877 opportet.

226 1895 295 1937 Ex
327 1894 624 1949 descriptione
657 1896 700 1934 et
730 1893 856 1934 icone
895 1890 1132 1948 splendida
1164 1905 1190 1933 a
1225 1890 1408 1945 Harvey
1441 1889 1543 1931 data
1576 1889 1648 1931 ad-

84 1966 284 2023 paruisse
325 1970 544 2022 putarem,
587 1979 709 2007 soros
743 1964 1004 2006 Grinnelliae
1036 1963 1165 2019 quasi
1199 1963 1246 2004 in
1279 1962 1477 2006 verrucis
1511 1975 1647 2016 supra

84 2038 293 2081 frondem
342 2037 537 2087 elevatis,
587 2035 1141 2079 rotundato-verruculosis
1189 2033 1404 2091 generari,
1443 2032 1647 2089 pluribus

85 2110 212 2165 quasi
260 2110 371 2152 lobis
419 2108 755 2165 adproximatis,
803 2109 839 2151 si
878 2122 968 2150 non
1002 2107 1344 2155 confluentibus
1381 2104 1645 2153 constitutis,

84 2183 213 2237 quasi
246 2182 291 2223 in
325 2180 577 2237 caespitulos
610 2195 746 2236 supra
773 2184 1012 2235 utramque
1036 2179 1248 2235 paginam
1272 2176 1445 2219 frondis
1470 2189 1646 2231 sparsos

84 2254 296 2304 collectis;
333 2258 376 2295 et
407 2253 454 2294 in
486 2252 556 2295 his
589 2252 701 2294 lobis
735 2252 1067 2307 sphaerosporas
1101 2263 1278 2305 paucas,
1314 2249 1406 2290 fere
1430 2247 1525 2288 sine
1549 2260 1647 2287 con-

85 2323 239 2378 spicuo
286 2322 441 2364 ordine
489 2322 740 2378 dispositas,
785 2321 1009 2370 obvenire,
1045 2320 1089 2361 id
1123 2320 1275 2362 sistere
1310 2318 1438 2373 quasi
1472 2317 1646 2359 charac-

86 2400 226 2436 terem
275 2392 532 2434 Grinnelliae
580 2392 779 2447 typicum
829 2405 883 2432 ex
930 2392 1056 2432 icone
1105 2390 1207 2432 data
1249 2389 1522 2444 Harveyana
1555 2388 1646 2429 fere

85 2464 350 2508 concludere
397 2464 567 2513 liceret;
628 2467 671 2505 et
717 2463 953 2517 nie-ipsum
1003 2462 1304 2503 characterem
1352 2459 1538 2501 Generis
1587 2459 1648 2500 ita

86 2537 191 2578 olim
240 2537 553 2591 interpretasse
596 2538 728 2589 patet.
794 2533 1073 2588 Comparatis
1107 2532 1204 2573 aliis
1238 2530 1521 2573 Delesserieis
1555 2528 1646 2585 plu—

85 2608 223 2658 rimis,
257 2608 302 2649 in
337 2606 501 2662 quibus
533 2605 619 2647 sori
654 2605 838 2647 formari
873 2604 1130 2647 viderentur
1167 2607 1243 2644 aut
1275 2603 1320 2644 in
1355 2602 1452 2657 ipsa
1485 2601 1649 2657 pagina

88 2678 257 2720 frondis
305 2677 504 2734 expansi,
551 2681 627 2718 aut
671 2677 715 2718 in
758 2675 920 2732 phyllis
954 2675 1275 2725 conformibus,
1310 2673 1647 2728 dispositionem

88 2750 134 2791 in
182 2749 430 2791 Grinnellia
477 2746 758 2789 observatam
806 2744 1141 2802 quodammodo
1190 2745 1396 2794 alienam,
1445 2749 1522 2785 aut
1564 2743 1647 2785 sibi

88 2820 316 2876 propriam
363 2819 690 2862 consideratam
737 2818 889 2867 fuisse,
935 2817 1008 2859 vix
1042 2815 1249 2871 equidem
1284 2814 1416 2856 hodie
1449 2815 1645 2857 mirarer.

90 2890 326 2945 Quomodo
373 2905 477 2933 vero
520 2891 613 2933 haec
658 2894 879 2933 structura
911 2889 992 2931 rite
1026 2887 1334 2943 explicaretur,
1369 2886 1414 2928 id
1447 2885 1642 2942 quidem,
