1875 3116
76 91 370 132 Schesszoneura.
703 90 1015 131 DELESSERIAE.
1558 87 1640 128 169

213 207 428 262 stulisque
472 208 527 249 ab
571 208 652 249 hac
696 209 943 261 marginem
986 222 1138 249 versus
1172 206 1502 262 egredientibus
1536 206 1632 247 sub-

212 279 438 334 oppositis,
476 280 588 320 infra
623 279 870 334 marginem
900 279 1240 333 integerrimum
1265 277 1636 320 evanescentibus

212 364 432 404 percursa,
468 351 577 391 soris
610 351 1023 405 splnerosporarum
1060 386 1067 393 .
1095 385 1101 392 .
1128 384 1137 392 .

286 444 397 485 Hab.
433 444 490 485 ad
523 459 620 486 oras
657 445 792 487 Nova}
826 445 1059 494 Zelandize,
1097 450 1144 486 ut
1178 444 1354 487 videtur
1388 445 1537 500 rarior.

213 540 319 572 lIanc
346 539 515 582 Speciem
543 551 611 572 sua
638 541 758 573 forma
785 541 960 573 foliorum
980 541 1078 574 inter
1100 542 1300 582 Europacas
1323 541 1362 573 1).
1382 540 1628 580 sanguineam

68 599 307 641 potissimum
344 599 481 631 referre
516 599 690 640 dicerem,
724 610 952 641 quamquam
980 600 1071 632 folia
1099 600 1210 632 offert
1237 599 1355 632 multo
1384 599 1542 641 minora,
1569 599 1634 632 cir·

67 658 158 691 citer
196 658 253 691 bis
292 658 467 700 pollicem
506 658 752 700 longitudine,
793 659 993 692 latitudine
1036 659 1097 692 vix
1134 659 1282 691 tertiam
1313 661 1456 700 partem
1486 658 1631 700 pollicis

67 717 269 759 aequantia,
311 728 376 760 per
415 720 531 750 totam
571 728 678 750 suam
720 718 997 759 longitudinem
1036 721 1139 751 costa
1167 718 1300 757 valida,
1328 718 1474 760 apicem
1503 728 1632 751 versus

66 779 270 815 attenuata,
310 776 349 809 in
387 776 511 809 media
550 776 629 809 t'olii
670 780 775 819 parte
813 777 1015 819 c‹‡›nspicue
1046 777 1211 815 dilatata,
1240 780 1277 810 et
1304 777 1341 809 in
1368 777 1499 809 infima
1526 779 1631 819 parte

68 835 145 868 folii
184 835 401 875 incrassata,
441 835 479 868 in
519 835 700 878 petiolum
742 835 956 868 filiformem
998 836 1186 869 desinens.
1238 837 1281 868 In
1314 839 1418 878 parte
1445 835 1632 878 praecipue

65 894 257 936 superiore
289 895 369 927 folii
402 894 598 928 adultioris
626 895 791 928 costulas
820 895 1027 937 oppositas,
1056 895 1263 935 marginem
1293 906 1421 928 versus
1449 897 1631 928 exeuntes

65 956 103 986 at
140 953 239 986 intra
277 954 483 995 marginem
523 956 794 987 evanescentes
834 954 1035 987 observare
1074 954 1170 993 licet,
1211 954 1348 996 quibus
1385 954 1424 987 in
1454 954 1631 987 inferiore

64 1012 154 1045 t'olio
194 1013 332 1046 indicia
369 1013 541 1055 quiedam
581 1016 681 1046 certa
718 1024 777 1046 me
814 1014 877 1047 vix
912 1013 1051 1047 vidisse
1085 1014 1259 1051 dicerem,
1289 1014 1358 1045 hoc
1386 1014 1496 1046 modo
1523 1013 1630 1055 quasi

64 1072 300 1105 formationis
341 1073 494 1105 modum
534 1073 728 1115 proprium
767 1073 1035 1106 indicantibus.
1089 1073 1191 1105 Folia
1229 1073 1354 1114 qualia
1391 1072 1572 1115 descripsi
1611 1083 1633 1105 a

63 1131 169 1164 caule
206 1131 357 1174 proprio
396 1132 580 1165 conformi
620 1132 883 1174 provenientia
918 1132 1072 1173 diceres,
1100 1136 1138 1165 at
1164 1132 1389 1174 comparatis
1416 1131 1629 1174 junioribus

64 1194 191 1232 patere
219 1194 389 1233 putarem
417 1191 507 1224 folia
534 1192 661 1224 omnia
691 1192 1040 1234 prolific-ationibus,
1069 1202 1089 1224 a
1116 1192 1247 1224 costali
1276 1191 1426 1231 regione
1454 1191 1533 1224 folii
1562 1191 1630 1233 pri—

64 1249 171 1282 marii
197 1250 384 1292 generatis
412 1250 510 1287 oriri,
540 1254 669 1293 utpote
696 1251 734 1283 in
762 1251 862 1284 foliis
891 1251 1083 1284 nonnullis
1103 1251 1195 1284 folia
1214 1251 1469 1283 minutissima
1487 1261 1509 1283 a
1527 1253 1631 1283 costa

64 1309 198 1342 horum
236 1309 461 1352 pullulantia
498 1311 789 1344 observaverim.
843 1310 1069 1353 Comparata
1106 1314 1295 1343 structura
1333 1321 1353 1342 a
1392 1310 1498 1351 facie,
1534 1310 1630 1343 hanc

62 1368 225 1401 (elicerem
264 1372 383 1402 totam
421 1369 468 1402 ab
506 1370 616 1403 initio
651 1371 1020 1413 hom{eocystideam,
1049 1370 1192 1403 cellulis
1222 1370 1388 1408 minutis,
1418 1369 1629 1402 rotundato-

61 1428 248 1469 angulatis
288 1431 515 1470 contextam,
555 1430 639 1472 ipsa
677 1433 781 1463 costa
828 1430 1046 1463 cellularum
1086 1429 1255 1462 seriebus
1296 1429 1507 1461 numemsis
1547 1439 1629 1461 con>

62 1489 179 1525 texta;
220 1487 364 1520 cellulis
404 1491 517 1521 costae
556 1489 678 1530 quoad
715 1500 823 1522 suam
858 1490 1019 1522 formam
1049 1488 1111 1522 vix
1140 1488 1311 1530 diversis,
1339 1491 1375 1520 at
1403 1487 1486 1520 aliis
1514 1488 1626 1530 majo-

61 1546 176 1588 ribus,
203 1546 285 1578 aliis
313 1547 533 1587 minoribus,
561 1548 748 1581 divisione
776 1548 962 1591 majorum
991 1550 1033 1580 ut
1059 1550 1231 1590 putarem
1251 1547 1351 1580 ortis
1398 1547 1628 1580 Continuata

61 1605 130 1638 hac
162 1605 349 1639 divisione
384 1606 506 1649 ipsam
533 1607 713 1640 costalem
741 1607 934 1650 regionem
963 1607 1105 1640 sensim
1133 1607 1258 1648 augeri
1287 1607 1486 1640 latitudine
1511 1607 1629 1649 (velut

60 1664 172 1697 etiam
200 1665 383 1705 crassitie)
409 1666 556 1699 facilius
585 1677 830 1700 assumerem.
883 1666 1077 1708 Ejusmodi
1107 1666 1294 1699 divisione
1325 1666 1543 1699 cellularum
1573 1677 1627 1699 co-

59 1724 177 1757 stulas
217 1724 314 1766 oriri,
355 1736 503 1767 quoque
542 1725 742 1759 observare
778 1726 930 1765 credidi,
960 1729 996 1758 et
1022 1725 1137 1758 simili
1164 1725 1275 1757 modo
1302 1724 1488 1758 divisione
1515 1725 1628 1758 conti-

61 1786 184 1824 nuata,
225 1794 246 1816 a
282 1784 362 1816 basi
403 1784 556 1817 costulae
596 1785 737 1817 sensim
774 1785 1048 1827 progrediente,
1076 1784 1114 1817 in
1143 1784 1218 1816 ima
1244 1795 1313 1816 sua
1338 1787 1443 1826 parte
1471 1784 1549 1817 fieri
1577 1784 1628 1817 in-

59 1845 234 1882 crassata,
273 1854 424 1876 sursum
463 1843 740 1877 obsolescentia
780 1844 872 1877 mihi
912 1847 968 1877 sat
1009 1844 1256 1886 conspicuum
1297 1843 1480 1885 adparuit.
1532 1843 1625 1876 Mihi

60 1901 228 1935 nondum
263 1902 466 1944 contigisse
503 1903 617 1945 hujus
646 1903 791 1946 Speciei
820 1903 1013 1946 specimen
1042 1903 1181 1935 habere
1208 1902 1455 1940 fructiferum,
1484 1902 1627 1936 dixisse

60 1961 190 2003 placet.
243 1962 443 2003 Segmento
479 1963 578 1996 t'acto
614 1963 859 1997 transversali
890 1963 1008 2005 ipsam
1038 1963 1217 1995 laminam
1246 1962 1390 1995 frondis
1419 1966 1623 1995 monestro-

58 2020 233 2053 maticam
274 2021 361 2063 vidi,
402 2021 555 2055 cellulas
590 2022 762 2064 ejusdem
796 2022 1048 2055 exterioribus
1076 2021 1261 2055 ambitum
1290 2022 1407 2062 magis
1436 2024 1627 2063 rectangu-

59 2079 186 2121 larem,
213 2079 454 2114 interioribus
481 2084 594 2115 costae
623 2081 756 2115 vicinis
783 2082 902 2124 magis
923 2080 1459 2123 quadraticamoffere11tibus.
1499 2081 1625 2122 Ipsam

59 2141 212 2180 costam,
252 2139 397 2173 ambitu
436 2140 697 2183 ellipsoideam
736 2141 834 2174 intra
874 2141 989 2174 series
1026 2140 1197 2182 geminas
1225 2140 1442 2173 cellularum
1470 2140 1626 2173 exterio>

58 2208 151 2238 rum,
191 2198 349 2231 interius
388 2202 614 2242 occupatum
652 2201 748 2233 serie
787 2201 898 2234 unica
934 2200 1115 2233 interiore
1143 2200 1220 2232 alas
1247 2199 1449 2241 jungente,
1479 2199 1624 2232 cellulis

59 2257 191 2290 harum
218 2257 377 2291 obtectis
404 2259 533 2301 paucis
561 2259 808 2300 intermediis,
838 2260 922 2302 plus
952 2259 1077 2292 minus
1106 2258 1308 2301 conspicue
1335 2258 1623 2292 alternantibus.

199 2316 420 2350 Meminisse
447 2318 570 2360 placet
596 2321 719 2351 costas
747 2319 988 2361 costulasque
1017 2318 1131 2360 liujus
1160 2317 1303 2359 ⁵<peciei
1324 2317 1422 2350 haud
1443 2318 1623 2350 formatas

59 2375 137 2408 fieri
176 2375 320 2408 cellulis
356 2376 583 2418 quibusdan]
610 2378 874 2420 primigenitis,
903 2378 969 2411 sed
998 2377 1192 2411 evidenter
1221 2377 1406 2419 posterius
1435 2376 1543 2417 natis,
1572 2388 1623 2409 or-

57 2433 145 2466 dine
172 2435 322 2477 proprio
349 2446 370 2468 a
396 2439 500 2469 costa
535 2437 813 2478 progrediente;
856 2438 925 2470 hac
954 2437 1064 2469 modo
1102 2436 1270 2478 Speciem
1299 2436 1395 2468 lianc
1422 2436 1468 2468 ad
1495 2436 1623 2469 oculos

57 2493 164 2535 quasi
203 2493 461 2528 demonstrare
499 2495 754 2529 characterem
795 2496 998 2539 proprium,
1039 2507 1112 2537 quo
1152 2495 1424 2528 sehizoneuras
1463 2495 1510 2528 ab
1538 2495 1621 2528 aliis

58 2551 268 2585 Generibus
297 2553 380 2596 plus
409 2553 533 2587 minus
560 2554 693 2588 habitu
720 2555 979 2589 conformibus·
1007 2555 1281 2595 dignsfficendas
1310 2554 1450 2597 putavi.
