1875 3116
188 136 269 178 196
808 127 1125 175 DELESSERIAE.
1462 133 1749 188 Glossopteris.

184 255 309 297 seriae
342 253 557 296 retulisse.
624 252 735 294 Mihi
769 251 951 307 quidem
986 251 1118 294 hodie
1151 252 1232 293 has
1265 252 1543 307 comparanti
1571 252 1750 294 easdem

183 340 273 367 non
322 329 499 367 tantum
548 323 852 366 habitualibus
894 322 1167 378 quibusdam
1207 323 1321 365 notis
1355 323 1586 366 distinctas
1619 323 1750 379 adpa-

183 398 338 446 ruisse,
370 395 447 438 sed
475 396 608 437 etiam
634 394 964 437 characteribus
988 408 1014 435 a
1035 394 1393 436 fructificationis
1416 394 1564 436 indole
1588 395 1749 450 petitis.

331 467 493 516 Quoad
525 465 775 508 habituales
807 470 936 507 notas
971 465 1148 520 Species
1182 465 1321 507 dictas
1347 466 1629 521 potissimum
1653 480 1751 507 con-

187 554 347 595 gruere
381 539 574 581 dicerem
608 543 685 580 aut
711 552 813 580 cum
837 537 930 580 Del.
962 537 1235 591 Quercefolia,
1260 542 1337 579 aut
1360 552 1462 579 cum
1486 537 1541 579 D.
1566 537 1752 579 sinuosa.

188 611 468 654 Structuram
511 610 729 652 nimirum
774 608 948 651 frondis
988 608 1427 664 homoeocystideam
1462 608 1566 659 vidi,
1600 613 1753 664 utpote

186 686 312 724 extra
344 686 511 724 costam
547 681 829 735 costulasque
862 684 976 722 totas
999 680 1187 735 paginas
1211 679 1407 722 obtectas
1431 679 1600 722 cellulis
1623 680 1754 722 hexa-

187 753 561 809 gono-angulatis,
597 753 740 807 magis
768 751 1019 793 rotundatis
1043 752 1087 793 in
1111 752 1209 807 ipso
1232 752 1595 807 parenchymate,
1620 766 1755 807 supra

187 831 331 868 costas
375 824 659 879 costulasque
698 823 774 866 vix
808 823 1008 873 diversis,
1043 824 1128 865 nisi
1163 823 1402 879 paulisper,
1439 829 1660 865 costarum
1696 823 1755 865 di-

185 897 380 940 rectione
413 896 643 951 elongatis.
709 895 912 937 Sectione
945 895 1063 937 facta
1096 895 1381 937 transversali
1416 894 1599 946 frondis,
1623 894 1754 937 cellu-

190 969 335 1011 larum
377 968 586 1010 intimam
629 967 789 1009 seriem
824 970 1026 1009 constare
1061 966 1151 1009 vidi
1186 966 1355 1009 cellulis
1389 966 1631 1008 directione
1664 966 1756 1008 alas

192 1055 347 1083 versus
381 1040 619 1095 elongatis;
669 1043 794 1081 extra
831 1039 913 1081 has
944 1038 1095 1094 plures
1129 1038 1262 1080 series
1295 1038 1553 1080 cellularum
1588 1038 1755 1081 brevio-

187 1127 302 1162 rum,
351 1112 530 1154 extimis
569 1110 832 1161 minoribus,
868 1124 980 1165 quas
1014 1111 1059 1151 in
1093 1109 1218 1151 caule
1251 1110 1606 1152 transversaliter
1638 1114 1756 1152 secto

193 1184 294 1240 plus
342 1184 493 1225 minus
541 1182 771 1225 evidenter
817 1181 1089 1223 alternantes
1130 1181 1239 1232 vidi;
1285 1185 1327 1223 et
1358 1181 1475 1223 inter
1507 1182 1587 1223 llas
1621 1182 1756 1223 series

191 1255 452 1298 cellularum
498 1255 722 1310 majorum
757 1253 947 1309 sparsim
981 1252 1241 1307 dignoscere
1274 1253 1398 1295 licuit
1429 1252 1596 1294 indicia
1629 1252 1756 1294 cellu-

187 1327 333 1369 larum
387 1325 841 1375 a-nastomosantium,
903 1324 1067 1379 quibus
1121 1324 1358 1366 interstitia
1409 1325 1525 1366 inter
1576 1324 1756 1366 cellulas

190 1400 384 1455 majores
429 1398 476 1439 in
514 1396 800 1439 Delesserieis
834 1395 1039 1451 propriis,
1075 1396 1120 1436 ni
1152 1396 1285 1437 fallor
1316 1410 1433 1450 saepe
1466 1399 1754 1450 occupantur.

192 1470 350 1512 Costas
384 1468 558 1511 frondis
591 1467 875 1521 costulasque
906 1467 1001 1508 fere
1024 1467 1208 1508 omnino
1232 1466 1493 1522 regulariter
1515 1467 1754 1522 oppositas,

188 1541 523 1597 adproximatas
557 1544 600 1582 ot
631 1538 865 1594 parallelas
899 1543 1196 1589 excurrentes,
1229 1538 1386 1581 eodem
1422 1542 1526 1594 typo
1553 1538 1756 1581 *Delesse-

192 1614 387 1655 riearum
430 1610 810 1654 characteristicas
854 1624 961 1660 esse,
1010 1609 1460 1665 meminisse‘placet,
1496 1610 1619 1652 velut
1649 1609 1758 1652 folia

188 1685 341 1727 omnia
380 1687 562 1739 putares
603 1685 816 1737 generata
854 1681 1109 1724 evolutione
1142 1680 1344 1723 dentium
1379 1684 1456 1722 aut
1487 1681 1756 1736 appendicu-

188 1757 333 1798 larum
367 1754 701 1809 marginalium,
735 1767 836 1808 quae
868 1753 915 1794 in
948 1756 1137 1807 utraque
1176 1757 1435 1807 comparata
1470 1752 1611 1794 forma
1646 1767 1755 1794 mar-

189 1829 315 1883 gines
364 1831 538 1875 ornant,
588 1840 710 1867 nunc
759 1824 841 1866 sub
885 1825 1032 1866 forma
1071 1823 1399 1865 denticulorum
1442 1828 1617 1865 tantum
1651 1837 1756 1879 prae-

191 1899 346 1949 sentia,
382 1912 503 1939 nunc
535 1897 581 1938 in
615 1896 767 1938 foliola
801 1896 991 1951 propria,
1026 1910 1147 1937 nunc
1180 1895 1225 1936 in
1261 1894 1414 1950 phylla
1447 1895 1634 1937 sorifera
1660 1909 1755 1938 evo-

190 1972 304 2021 luta;
340 1969 639 2025 (lystocarpia,
675 1983 775 2023 quae
808 1968 855 2009 in
888 1968 944 2010 D.
973 1968 1185 2009 similante·
1217 1966 1307 2009 vidi
1341 1967 1387 2008 in
1422 1966 1585 2010 vicinia
1617 1971 1756 2009 costu-

189 2043 332 2084 larum
380 2054 548 2096 sparsa,
583 2040 658 2083 vix
691 2039 762 2081 his
794 2039 877 2081 rite
910 2039 1212 2094 superposita3
1241 2039 1308 2080 ‘in
1340 2039 1396 2080 D.
1434 2039 1598 2093 Lyallizss
1628 2052 1654 2079 a
1686 2052 1757 2079 me

190 2112 394 2155 nondum
450 2111 699 2161 observata,
749 2125 775 2151 a
824 2110 1005 2165 Harvey
1054 2124 1158 2152 vero
1211 2124 1290 2165 per
1344 2109 1550 2151 frondem
1603 2123 1758 2165 sparsa

191 2185 412 2227 dicuntur.

333 2255 513 2312 Species
546 2255 692 2310 igitur,
728 2268 840 2309 quas
873 2254 935 2295 ita
968 2252 1272 2295 habitualibus
1305 2252 1421 2294 notis
1443 2257 1540 2294 tum
1563 2252 1756 2295 invicem

192 2332 501 2383 congruentes,
538 2330 633 2368 tum
668 2340 749 2368 nec
782 2325 1028 2367 admodum
1063 2324 1262 2367 diversas
1285 2324 1340 2366 ab
1363 2323 1461 2366 aliis
1485 2324 1584 2379 plus
1607 2324 1757 2365 minus

190 2398 512 2449 consimilibus,
559 2397 663 2440 olim
708 2398 876 2453 putavi,
921 2396 1099 2439 easdem
1138 2395 1271 2438 hodie
1305 2395 1454 2451 quoad
1488 2400 1755 2437 structuram

190 2470 471 2526 comparanti
516 2469 625 2510 mihi
667 2468 928 2524 adparuisse
966 2468 1026 2509 ita
1058 2468 1105 2508 in
1139 2467 1337 2510 diversas
1370 2467 1635 2508 directiones
1668 2470 1756 2508 ten-

193 2542 365 2592 dentes,
402 2546 451 2583 ut
482 2555 572 2582 non
606 2541 730 2596 potui
766 2540 875 2594 quin
909 2539 1089 2581 easdem
1122 2544 1252 2594 typos
1286 2538 1526 2579 Genericos
1559 2537 1756 2580 diversos

194 2614 346 2655 sistere
382 2618 610 2668 putare1n3
661 2625 853 2666 quorum
888 2624 1030 2652 unum
1064 2609 1349 2665 potissimum
1384 2609 1660 2663 Hypoylossis
1691 2621 1756 2649 ac-

191 2684 422 2725 cedentem
457 2683 640 2738 conjeci,
668 2683 856 2724 alterum
886 2682 1027 2737 magis
1060 2681 1178 2737 typis
1211 2679 1526 2735 adproximari,
1562 2679 1639 2734 qui
1672 2679 1755 2720 for-

195 2769 274 2796 san
324 2755 467 2810 magis
516 2753 766 2796 Goneribus
814 2754 1151 2808 Rota-yoearpam
1189 2765 1344 2795 versus
1377 2749 1663 2792 tendentibus
1696 2762 1756 2790 re-

196 2830 533 2877 praesentantur.

337 2896 513 2950 Species
547 2896 683 2950 hujus
717 2896 903 2938 Generis
937 2895 1046 2936 mihi
1081 2895 1215 2936 unica
1246 2893 1423 2948 cognita
1455 2896 1541 2934 est:
