1875 3116
114 139 370 182 Grimzelh'a.
734 137 1050 178 Dssnssssssmffi.
1594 139 1673 177 199

109 271 250 312 usque
297 255 354 298 ad
401 256 573 311 apicem
622 269 883 310 supremum
932 253 1191 311 dignoscere
1237 256 1337 298 licet
1369 256 1460 298 suis
1493 255 1662 298 cellulis

107 328 323 383 elongatis
356 331 622 376 contextam,
657 328 833 368 inferne
864 327 957 368 fieri
993 327 1134 381 magis
1167 328 1469 382 conspicuam,
1497 326 1666 369 cellulis

107 399 198 441 suis
230 398 422 440 axilibus
455 412 634 453 quoque
667 399 833 440 sensim
866 398 1124 448 subdivisis;
1159 404 1215 449 at,
1243 403 1291 440 ut
1313 404 1535 454 putarem,
1563 398 1669 440 divi-

107 470 307 512 sionibus
355 484 481 512 secus
525 469 851 524 longitudinem
890 469 1044 517 ductis,
1081 469 1125 511 id
1159 469 1343 525 quidem
1374 470 1421 511 in
1455 469 1666 525 Specimi-

106 541 239 584 nibus
272 541 501 583 exsiccatis
534 541 667 596 paulo
700 540 994 582 adultioribus
1017 545 1085 582 sat
1107 542 1398 596 conspicuum
1427 540 1670 596 unicuique

105 613 329 668 adpareat.
385 611 574 660 Qualem
608 612 743 666 igitur
775 616 1043 654 structuram
1076 612 1250 655 frondis
1278 613 1510 668 concipere
1534 613 1668 662 valui,

106 684 221 725 hanc
262 683 601 738 congruentiam
641 697 743 724 cun]
788 682 1080 732 Delesserieis,
1116 698 1196 725 nec
1229 699 1331 726 cum
1364 683 1662 739 Nitophylleis

106 754 302 810 prodere,
337 754 448 795 mihi
482 758 549 795 sat
581 753 874 808 conspicuum
908 753 1126 809 adparuit.

246 825 533 882 Cystocarpia
575 824 667 867 vidi
705 824 985 879 subglobosa‚
1021 827 1317 881 carpostomio
1350 826 1579 881 producto,
1615 830 1667 867 ut

104 903 308 953 putarem
352 911 430 951 pro
472 901 601 938 {etate
643 896 735 951 (aut
767 896 1033 938 evolutionis
1066 897 1223 952 gradu)
1257 897 1356 952 plus
1390 898 1541 940 minus
1576 912 1667 952 pro-

103 969 293 1018 minulo;
328 971 463 1010 strato
497 967 732 1023 pericarpii
764 967 1009 1009 admodum
1043 968 1178 1017 tenui,
1213 973 1256 1010 et
1289 969 1430 1010 multo
1466 969 1667 1010 tenuiore

103 1054 238 1096 quam
288 1039 397 1081 illud
444 1039 490 1080 in
538 1039 808 1094 Nitophyllis
850 1039 1062 1081 obvenire
1096 1039 1198 1081 vidi.
1264 1039 1419 1095 Ipsum
1453 1040 1662 1082 nucleum

102 1137 159 1141 —
192 1111 371 1166 qualem
419 1111 539 1152 hunc
588 1111 634 1151 in
681 1111 808 1152 icone
856 1110 1128 1165 Harveyana
1174 1110 1401 1165 depictum
1436 1111 1538 1160 vidi,
1574 1111 1665 1153 suis

103 1182 186 1225 filis
220 1182 470 1237 fastigiatis,
505 1196 531 1223 a
563 1181 680 1224 nodo
714 1181 854 1223 basali
887 1181 1180 1232 radiantibus,
1215 1183 1390 1224 inferne
1424 1182 1506 1224 sub
1534 1182 1666 1238 cylin-

101 1254 284 1304 draceis,
320 1268 511 1309 superne
544 1253 728 1295 clavatis
763 1279 818 1283 ——
851 1253 999 1308 potius
1032 1253 1231 1295 indicare
1264 1253 1531 1295 affinitatem
1564 1266 1667 1296 cuin

101 1325 372 1381 Nitophyllis
405 1339 542 1380 quam
576 1339 678 1367 cum
712 1325 970 1367 Delesseriis
991 1325 1168 1367 facilius
1196 1324 1434 1376 dixissem;
1469 1328 1667 1367 attamen

101 1401 369 1439 structuram
403 1396 607 1452 ejusdem
638 1410 708 1438 me
732 1396 959 1451 paulisper
982 1395 1211 1439 diversum
1234 1396 1509 1447 observasse,
1534 1395 1666 1438 hodie

101 1468 246 1510 dicere
293 1481 437 1523 cogor.
502 1467 693 1516 Qualem
732 1467 997 1523 adparatum
1031 1467 1176 1510 nuclei
1209 1472 1353 1510 totum
1386 1467 1490 1517 vidi,
1526 1467 1660 1510 talem

101 1540 293 1581 dicerem
326 1554 427 1581 cum
462 1554 513 1582 eo
549 1539 897 1581 Delesseriarum
929 1540 1132 1595 proxime
1166 1539 1429 1582 convenire:
1465 1554 1491 1581 a
1520 1538 1665 1580 medio

100 1610 243 1653 fundo
282 1610 517 1666 pericarpii
557 1610 766 1665 quaedam
805 1610 974 1653 cellulae
1015 1610 1375 1653 anastomosibus
1413 1611 1666 1665 conjunctae

100 1687 346 1738 emergunt,
383 1687 425 1724 et
457 1682 512 1724 ab
545 1681 615 1724 his
649 1681 849 1724 fasciculi
890 1682 1038 1737 plures
1071 1682 1251 1724 filorum
1283 1682 1541 1725 breviorum
1575 1696 1665 1723 sur-

99 1759 223 1810 gunt,
258 1753 454 1796 articulis
488 1753 698 1796 brevibus
732 1753 954 1796 sterilibus
987 1753 1175 1804 suffulti,
1215 1753 1339 1809 apice
1374 1754 1422 1795 in
1456 1752 1665 1795 articulos

99 1825 266 1868 fertiles
297 1824 711 1881 globoso-obovatos
745 1825 1018 1877 desinentes;
1065 1829 1114 1867 ut
1146 1825 1267 1867 hunc
1301 1824 1512 1867 nucleum
1545 1823 1664 1866 adul-

99 1897 257 1939 tiorem
289 1896 393 1947 vidi,
428 1896 636 1938 articulos
669 1897 902 1938 inferiores
935 1896 1105 1939 steriles
1139 1896 1304 1939 sensim
1336 1895 1529 1939 invicem
1553 1895 1664 1938 solu-

99 1973 166 2011 tos
207 1968 441 2011 observavi
483 1972 560 2010 aut
601 1967 961 2010 anastomosibus
996 1968 1148 2023 paucis
1182 1967 1257 2011 vix
1290 1968 1586 2017 cohaerentes;
1623 1971 1665 2008 et

101 2040 202 2081 hinc
235 2043 379 2081 totum
412 2040 621 2081 nucleum
654 2039 830 2082 facilius
864 2040 991 2095 quasi
1032 2039 1319 2082 dilabentem.
1386 2039 1495 2080 Mihi
1529 2039 1665 2093 igitur

99 2111 234 2153 aliam
267 2115 536 2153 structuram
569 2110 715 2153 nuclei
747 2110 794 2152 in
827 2111 1117 2167 Nitophyllis,
1157 2111 1291 2153 aliam
1325 2111 1372 2152 in
1404 2109 1663 2152 Delesseriis

100 2182 290 2238 propriis
332 2196 426 2224 esse
459 2182 774 2225 assumendam
810 2182 942 2224 hodie
976 2183 1164 2238 urgenti,
1200 2182 1276 2225 vix
1310 2181 1497 2223 dubium
1532 2180 1662 2235 adpa-

100 2253 239 2295 ruisse
287 2253 498 2295 confiteor
545 2253 840 2295 Grinnelliam
887 2254 1149 2309 neutiquam
1196 2251 1492 2307 Nitophylleis
1534 2251 1661 2306 perti-

100 2339 216 2375 nere,
251 2324 327 2367 sed
360 2324 588 2367 evidenter
621 2324 881 2366 Delesseriis
914 2325 1104 2379 propriis
1137 2322 1541 2379 adproximandam
1565 2336 1660 2363 esse

100 2396 145 2436 in
179 2395 468 2450 dispositione
501 2395 740 2445 Generum,
775 2400 947 2436 naturae
982 2395 1121 2449 magis
1155 2398 1465 2436 consentanea.

243 2465 311 2507 Ob
358 2465 650 2520 gelatinosam
699 2465 994 2507 substantiam
1040 2465 1213 2506 frondis
1247 2464 1472 2505 difficilius
1507 2464 1659 2505 forsan

101 2537 373 2592 dijudicatur
405 2536 630 2591 quomodo
663 2542 810 2592 partes
843 2536 1038 2578 soriferae
1062 2536 1106 2577 in
1131 2535 1284 2591 planta
1308 2536 1485 2578 vivente
1508 2548 1662 2578 revera

100 2607 350 2650 constitutae
398 2607 653 2663 adpareant.
720 2606 975 2663 Specimina
1021 2621 1172 2649 coram
1219 2606 1370 2656 habui,
1417 2606 1464 2647 in
1497 2606 1660 2661 quibus

100 2684 273 2735 partem
321 2679 551 2721 soriferam
597 2678 744 2720 frondi
793 2678 1051 2733 adpressam
1095 2678 1199 2728 vidi,
1234 2682 1276 2720 et
1307 2677 1529 2733 ejusmodi
1561 2691 1660 2719 soro

100 2750 243 2805 magis
291 2750 480 2799 evoluto,
516 2764 541 2791 a
574 2749 684 2792 facie
716 2750 931 2804 inspecto,
966 2749 1085 2790 hunc
1120 2748 1292 2791 facilius
1325 2749 1550 2804 quispiam
1584 2762 1659 2804 pu-

99 2825 213 2863 taret
258 2821 305 2862 in
351 2820 449 2876 ipsa
496 2820 661 2876 pagina
708 2819 881 2862 frondis
919 2834 1182 2875 expansum,
1217 2820 1307 2862 suis
1341 2819 1660 2876 sphaerosporis

99 2891 373 2948 majusculis,
427 2891 805 2936 intercedentibus
857 2890 942 2933 filis
994 2891 1336 2934 nematheciosis
1383 2895 1654 2935 contextum.
