1875 3116
135 174 362 211 hodiedum
404 174 455 210 ab
495 174 690 210 omnibus
731 175 1037 220 adnunwratas,
1074 175 1114 210 in
1146 175 1298 221 quibus
1326 175 1393 211 alii
1423 176 1696 219 characteres,

133 243 220 276 tum
261 252 308 276 ex
342 243 549 276 structura
586 241 716 287 ipsius
749 241 908 276 frondis
937 263 977 265 —
1007 252 1131 286 quam
1161 241 1242 276 alio
1271 244 1460 287 respectu
1490 241 1529 276 in
1560 241 1696 276 Deles-

134 306 252 341 seriis
293 309 331 341 ct
373 306 650 352 Nitophylleis
690 317 765 341 suo
807 307 930 341 modo
971 306 1177 341 diversam
1212 306 1435 341 observare
1467 306 1623 341 credidi
1652 328 1693 330 —

135 374 220 406 tum
262 373 622 417 cystocarpiorum
663 375 700 406 et
741 372 824 406 sori
865 375 1070 406 structura
1113 372 1249 417 typica
1291 372 1468 413 deducti,
1509 372 1561 406 ita
1599 382 1692 406 cum

135 437 412 482 Nitophyllcis
441 437 663 472 convenire
693 437 793 471 mihi
822 437 1118 482 adparucruut,
1156 440 1197 471 ut
1228 448 1307 471 non
1339 437 1451 482 potui
1481 437 1580 481 quin
1609 447 1696 471 eas-

133 501 226 536 dem
265 502 539 540 (DELESSl-:RIA
576 512 861 537 nicNTICULATA
902 502 1023 536 llarv.
1055 502 1171 547 I’hyc.
1201 504 1321 536 (111⁸th
1353 501 1426 536 [ab.
1459 501 1545 545 1244)
1583 502 1695 536 Nito-

135 567 313 612 phyllcis
355 567 565 612 proximas
606 567 926 602 considerarem.
983 568 1087 601 Dum
1128 578 1174 601 cx
1216 567 1343 602 altera
1387 570 1500 612 parte
1539 567 1694 601 formas

132 632 355 667 observare
396 632 521 677 licuit,
562 633 600 666 in
640 632 792 677 quibus
824 632 1102 666 evolutionem
1132 635 1258 666 costae
1287 643 1395 666 nuuc
1424 632 1576 667 sensim
1605 643 1694 667 sen-

131 698 293 742 simque
322 697 449 743 magis
477 697 788 743 provenientem
810 700 848 732 ct
867 697 1136 742 conspicuam
1160 697 1259 740 ficri,
1281 708 1389 732 nunc
1409 697 1489 732 alio
1509 698 1691 742 quodam

132 762 257 797 modo
286 762 541 808 perductam,
569 773 673 807 quas
702 762 839 807 itaque
859 762 1048 807 juniores
1071 762 1198 807 magis
1219 762 1507 807 Nitophyllcas
1528 762 1693 806 referre,

132 827 359 862 adultiores
400 827 529 873 magis
569 838 662 862 cum
706 827 948 862 Delesseriis
988 827 1222 871 convenire,
1267 828 1548 862 confitendum
1591 828 1692 862 mihi

129 892 323 938 adparuit
362 893 567 937 ejusmodi
607 892 920 927 characteribus
961 892 1131 927 nimiam
1167 892 1249 926 vim
1284 892 1524 927 attributam
1555 892 1691 928 fuisse.

131 958 233 994 Sunt
260 958 438 1003 denique
467 961 554 992 tum
583 958 623 992 in
654 958 743 1004 ipsa
771 961 979 993 structura
1008 957 1180 997 frondis,
1214 960 1300 992 tum
1330 958 1369 992 in
1398 958 1534 1003 typica
1564 961 1693 993 struc-

128 1026 220 1058 tura
261 1023 524 1069 cystocarpii,
563 1026 650 1058 tum
692 1023 731 1057 in
773 1024 879 1057 soris
919 1023 988 1057 alii
1028 1023 1302 1063 characteres,
1343 1023 1374 1057 si
1415 1023 1582 1068 quidem
1617 1023 1691 1058 rite

128 1089 267 1134 quoad
305 1091 557 1124 structuram
596 1099 713 1123 suam
752 1088 996 1134 penitiorem
1033 1088 1334 1131 examinantur,
1362 1088 1514 1133 quibus
1542 1088 1690 1123 ducen-

127 1154 238 1189 tibus
266 1157 304 1189 et
332 1154 381 1189 de
410 1154 613 1189 Generum
636 1154 961 1197 characteribus,
981 1164 1210 1199 eorumque
1231 1153 1444 1197 limitibus,
1464 1153 1544 1188 alio
1566 1154 1691 1189 modo

123 1219 399 1265 judicandum
440 1220 565 1254 hodie
605 1219 824 1254 videretur.
855 1219 1049 1262 ,Qualem
1091 1219 1214 1264 igitur
1253 1219 1482 1253 formarum
1516 1218 1692 1264 disposi-

131 1285 285 1320 tionem
326 1285 425 1319 olim
466 1285 780 1320 characteribus
820 1284 1104 1319 habitualibus
1146 1283 1373 1327 fundatam,
1410 1284 1531 1318 talem
1562 1284 1692 1319 neuti-

126 1361 251 1396 quam
294 1353 452 1385 naturae
493 1353 815 1385 consentaneam
857 1350 981 1384 hodie
1021 1350 1213 1384 dicerem.
1267 1349 1386 1392 Quod
1426 1360 1523 1384 vero
1562 1350 1595 1384 si
1624 1349 1691 1384 de-

127 1418 360 1450 monstrare
390 1415 492 1450 mihi
520 1415 644 1450 hodie
672 1426 839 1461 quoque
867 1415 1095 1460 contigerit,
1130 1415 1370 1459 neutiquam
1399 1417 1536 1449 tamen
1565 1425 1612 1449 ex
1639 1425 1689 1450 eo

124 1481 242 1526 sequi
276 1484 466 1526 putarem
504 1480 655 1516 limites
683 1480 887 1515 Generum
918 1492 938 1514 a
969 1490 1032 1514 me
1060 1480 1135 1515 rite
1164 1480 1310 1514 ductos
1338 1479 1465 1514 fuisse
1492 1482 1530 1514 et
1557 1479 1690 1514 affini-

125 1548 228 1581 tates
257 1546 468 1592 proximas
496 1545 696 1589 omnium,
724 1548 768 1580 ut
795 1545 856 1580 fas
884 1545 970 1587 suit,
996 1548 1223 1591 perceptas.
1266 1545 1371 1579 Dum
1393 1556 1490 1580 vero
1510 1545 1687 1580 certiora

124 1611 395 1655 innotescant,
423 1611 487 1645 his
516 1614 629 1646 utere
658 1621 832 1646 mecum.

1156 1696 1196 1740 δ.
1230 1695 1286 1740 G.
1320 1694 1546 1752 Agardh.
