1875 3116
170 68 420 122 Caloqlossa.
816 68 1071 111 P'rEmDIAE.
1642 69 1727 110 229

163 189 367 242 putarem
416 185 469 228 de
517 186 795 242 Galoglossis,
843 187 928 229 nisi
971 186 1067 229 aliis
1099 186 1359 243 jubentibus
1395 185 1727 228 characteribus

163 257 324 299 harum
357 257 608 300 adfinitates
642 257 889 312 dijudicare
923 258 1081 299 liceret.
1133 258 1323 313 Quoque
1358 271 1460 300 vero
1493 257 1573 300 has
1604 257 1708 299 habi

163 328 304 377 tuales
336 333 463 370 notas
496 330 774 384 comparanti
809 329 919 370 mihi
952 329 1181 384 adparuit:

305 399 484 447 Costam
531 400 756 455 propriam
806 400 853 441 in
901 399 1165 455 Caloglossis
1210 400 1433 451 obvenire,
1468 401 1513 443 id
1546 401 1720 443 charac-

162 475 301 513 terem
348 471 500 513 sistere
547 470 785 526 cujusdam
835 472 1047 513 momenti
1097 471 1173 513 vix
1210 472 1436 527 quispiam
1469 472 1719 527 denegaret.

164 542 298 584 Hunc
331 556 435 584 vero
468 543 780 592 characterem,
823 556 1102 596 quamquam
1135 543 1441 585 innonnullis
1474 542 1720 585 admodum

162 613 391 655 evolutum
439 613 698 667 (Delesseresoe
745 613 964 669 propriae),
1002 617 1152 655 tamen
1185 614 1380 656 eundem
1413 615 1460 656 in
1494 614 1591 656 aliis
1624 614 1724 656 defi-

161 697 258 726 cere
301 683 597 740 (Nc‘tophylleoe
635 683 866 739 plurimrs),
901 698 1055 726 omnes
1088 685 1133 725 ni
1167 684 1298 726 fallor
1331 685 1616 739 Systematici
1651 686 1724 727 ho-

161 755 303 797 dierni
347 754 605 796 concedant.
671 753 792 803 Quin
834 754 973 796 immo
1014 754 1144 797 hodie
1177 770 1404 798 assumere
1437 771 1575 798 ausus
1609 771 1722 807 sum,

160 825 378 881 quasdam
426 826 608 875 formas,
658 826 910 868 evolutione
953 830 1084 868 costae
1116 827 1328 882 insignes,
1364 842 1478 883 quas
1510 828 1632 870 hunc
1665 828 1720 870 ob

160 899 461 939 characterem
511 896 766 938 Delesseriis
815 898 1005 952 propriis
1053 898 1307 940 referendas
1347 904 1575 953 putarunt,
1614 899 1723 942 alios

159 968 215 1010 ob
248 968 537 1017 characteres,
572 982 683 1023 quos
718 968 898 1024 majoris
932 969 1147 1010 momenti
1182 969 1312 1011 hodie
1334 969 1545 1025 judicavi,
1570 975 1723 1013 tamen

161 1039 454 1095 Nitophylleis
488 1039 714 1095 proximas
747 1054 855 1090 esse,
890 1054 1116 1082 assumere
1150 1055 1286 1083 ausus
1310 1055 1422 1082 sum.
1472 1041 1565 1083 Nec
1588 1042 1724 1096 igitur

159 1111 242 1152 hoc
289 1110 478 1153 ducente
525 1111 778 1153 charactere
823 1112 985 1154 certius
1019 1111 1380 1154 concludendum
1413 1113 1569 1168 putavi
1602 1112 1720 1154 Galo-

157 1182 326 1237 glossas
373 1181 482 1237 ipsis
532 1182 788 1224 Delesseriis
837 1184 1065 1238 proximas
1113 1197 1219 1225 esse.
1285 1184 1575 1238 Comparanti
1619 1198 1722 1226 vero

158 1253 268 1294 mihi
300 1253 447 1309 ipsam
480 1257 750 1295 structuram
783 1254 920 1309 hujus
953 1258 1097 1304 costae,
1134 1254 1313 1310 qualem
1347 1255 1536 1297 eandem
1569 1255 1616 1296 in
1641 1255 1721 1298 De-

157 1324 372 1367 lesserieis
414 1324 729 1367 obvenientem
772 1325 876 1376 vidi,
924 1326 1039 1368 hanc
1072 1340 1297 1382 nusquam
1331 1326 1493 1368 offerre
1526 1326 1721 1369 dicerem

157 1400 425 1438 structuram
459 1396 581 1438 illam
614 1397 996 1452 polysiphoneam,
1023 1411 1161 1452 quam
1184 1397 1501 1439 Rhodomeleis
1526 1398 1721 1453 typicam

158 1471 383 1522 putarunt,
434 1481 661 1523 quamque
705 1468 752 1509 in
790 1468 1030 1523 Speciebus
1066 1468 1348 1512 Sar-comemtoe
1380 1483 1559 1524 quoque
1592 1468 1721 1511 obve-

156 1539 252 1580 nire
284 1539 365 1580 rite
397 1539 605 1594 typicam,
641 1553 867 1581 assumere
895 1553 1031 1582 ausus
1055 1554 1167 1581 sum.
1219 1539 1560 1582 Characteribus
1583 1540 1720 1595 igitur

156 1624 182 1651 a
229 1610 466 1664 praesentia
512 1614 643 1652 costae
691 1610 892 1652 deductis
940 1611 1112 1653 nullam
1160 1611 1429 1653 affinitatem
1466 1611 1720 1666 proximam

156 1682 271 1723 inter
307 1680 588 1735 Oaloylossam
620 1686 663 1723 et
697 1682 1013 1725 Sarcomenmm
1045 1681 1356 1724 deducendam
1388 1687 1608 1738 putarem.

299 1752 586 1808 Cystocarpia
619 1752 916 1795 Sarcomeniae
949 1779 1006 1784 —
1037 1754 1123 1795 alio
1156 1753 1251 1796 loco
1285 1768 1311 1795 a
1343 1768 1414 1796 me
1448 1753 1627 1796 uberius
1651 1753 1720 1795 de-

156 1823 331 1878 scripta,
386 1824 662 1866 characteres
715 1824 901 1880 prodere
954 1824 1117 1880 quibus
1171 1825 1492 1880 dignoscantur
1544 1825 1719 1867 Rhodo-

158 1894 308 1936 meleae
355 1895 415 1936 ita
457 1894 844 1938 evidentissimum
886 1896 996 1938 mihi
1029 1895 1290 1952 adparuisse
1323 1896 1548 1946 confiteor,
1584 1901 1633 1938 ut
1666 1896 1720 1938 de

156 1965 376 2007 affinitate
409 1966 706 2008 Sarcomeniae
738 1982 842 2009 cum
875 1967 1190 2009 Rhodomeleis
1222 1967 1347 2009 nulla
1375 1968 1560 2009 omnino
1583 1967 1721 2009 dubia

156 2037 266 2078 mihi
299 2042 475 2088 restare,
511 2037 714 2080 lubenter
747 2038 954 2081 dicerem.
1005 2038 1293 2094 Cystocarpia
1326 2053 1430 2081 vero
1454 2038 1719 2093 Caloglossae

156 2107 295 2149 alium
334 2108 517 2150 omnino
557 2113 716 2165 typum
754 2110 928 2161 referre,
964 2110 1074 2151 mihi
1108 2124 1234 2165 aeque
1268 2110 1554 2165 perspicuum
1588 2109 1719 2165 adpa-

155 2179 295 2221 ruisse
329 2180 560 2230 confiteor;
612 2195 836 2236 quemque
879 2182 1081 2236 proxime
1114 2181 1353 2223 convenire
1387 2180 1580 2222 dicerem
1614 2194 1717 2222 cum

156 2264 219 2299 eo,
269 2264 403 2305 quem
452 2251 498 2292 in
544 2251 801 2294 Delesseriis
835 2253 1024 2307 propriis
1059 2252 1318 2307 dignoscere
1352 2251 1518 2306 putavi.
1585 2250 1716 2299 Quod

156 2334 206 2362 eo
255 2321 422 2375 majore
459 2322 558 2376 jure
601 2322 933 2364 observandum
967 2322 1201 2371 videretur,
1237 2336 1378 2377 quum
1412 2322 1458 2362 in
1491 2325 1715 2363 structura

156 2391 546 2446 cystocarpiorum,
597 2407 776 2447 quoque
824 2394 941 2434 intra
988 2393 1106 2447 ipsas
1163 2392 1457 2434 Delesserieas
1505 2392 1578 2434 alii
1627 2392 1718 2434 sint

156 2462 290 2511 modi,
340 2461 503 2516 quibus
553 2463 697 2504 nuclei
747 2463 998 2504 formantur
1045 2463 1089 2504 in
1130 2462 1315 2505 diversis
1349 2462 1487 2518 Typis
1520 2462 1714 2505 Delesse-

155 2533 348 2574 riearum
382 2532 609 2589 paulisper
641 2532 817 2576 diversi.

299 2604 429 2646 Soros
477 2605 888 2660 sphaerosporarum
937 2604 1057 2659 quod
1105 2604 1274 2656 attinet,
1325 2604 1505 2647 eosdem
1543 2618 1569 2646 a
1600 2605 1714 2647 facie

155 2674 409 2718 observanti
442 2676 740 2718 characterem
775 2676 927 2718 sistere
961 2675 1123 2717 Generi
1157 2675 1399 2731 proprium,
1443 2680 1486 2717 et
1518 2689 1607 2730 quo
1640 2675 1715 2718 du-

155 2750 281 2788 cente
322 2746 502 2803 Typum
547 2747 815 2789 Genericum
853 2747 921 2788 sui
953 2747 1064 2801 juris
1098 2746 1144 2788 in
1177 2746 1441 2802 Caloglossis
1474 2760 1713 2802 agnoscere

156 2816 393 2859 voluerunt
439 2818 734 2874 Systematici,
782 2817 826 2860 id
874 2821 990 2860 certe
1034 2816 1371 2860 lubentissimus
1409 2817 1711 2860 concederem.
