1875 3116
99 70 352 112 ΟΙιαιιυίηὶα.
666 72 1062 114 ΒοΤκΥοοΛκΡΕΔῐ.
1571 72 1645 112 151

94 188 239 244 paruit
286 189 422 243 hujus
470 204 636 244 organa
685 191 911 231 fructifera
959 189 1116 231 eodem
1166 190 1298 231 modo
1347 190 1559 232 obvenire
1607 190 1651 231 in

92 261 342 315 oaespitulos
375 261 577 309 collecta;
623 266 680 309 at,
716 261 835 302 haud
869 266 916 302 ut
950 262 994 302 in
1027 261 1138 311 aliis,
1174 262 1252 303 lios
1286 261 1539 317 caespitulos
1572 275 1652 316 per

93 331 299 373 frondem
332 346 519 386 sparsos,
555 332 631 373 sed
665 347 790 374 secus
824 332 1034 374 costalem
1063 333 1303 387 regionem,
1328 333 1372 374 in
1398 332 1650 375 Ghauvinia

94 403 234 456 magis
282 401 550 451 distinctam,
601 402 848 456 dispositos.
915 402 1216 458 (Jai‘popliylla
1263 403 1308 443 in
1356 403 1654 459 Botryocarpa

91 472 239 529 quoad
287 474 478 514 formam
528 473 703 514 facilius
751 473 850 527 quis
900 473 1063 515 diceret
1106 473 1364 524 conformia,
1400 473 1491 516 sive
1525 488 1648 516 soros

90 549 317 600 generant,
366 545 459 586 sive
507 546 801 600 cystocarpia;
851 551 893 587 et
925 546 960 587 si
995 550 1109 587 recte
1142 545 1195 587 de
1230 545 1313 587 illis
1346 560 1370 586 a
1405 560 1474 587 me
1508 545 1651 587 obser-

92 617 204 658 vatis
246 616 289 656 in
333 615 586 657 Chauvinia
616 615 924 669 judicaverim,
960 630 1138 670 quoque
1173 614 1325 670 phylla
1358 615 1494 669 hujus
1528 630 1650 658 soros

89 687 348 741 generantia
388 686 535 741 quoad
570 701 697 727 suam
731 687 924 728 formam
958 687 1220 728 exteriorem
1252 687 1491 729 convenire
1527 692 1650 743 puta-

91 772 184 799 rem
217 771 319 799 cum
353 756 438 798 illis
471 757 748 811 cystocarpia
779 757 1113 811 generantibus:
1144 758 1297 800 eadem
1323 758 1536 800 nimirum
1560 758 1652 801 Vidi

89 829 171 871 sub
213 829 358 870 forma
400 827 539 870 folioli
574 828 862 869 minutissimi
896 828 1183 882 subpeltatim
1216 830 1355 871 affixi.
1421 830 1649 885 Cystocar-

91 901 213 954 pium
262 899 444 941 unicum
491 900 536 940 in
570 899 751 941 centrali
787 903 910 953 parte
944 899 1079 954 hujus
1113 900 1247 941 folioli
1282 901 1540 942 immersum
1578 901 1649 943 ob-

89 986 263 1013 servare
296 970 475 1018 credidi,
511 970 807 1026 carpostomio
842 971 1053 1025 paginam
1087 985 1241 1013 versus
1276 971 1437 1013 hiante.
1494 972 1648 1027 Ipsum

90 1043 297 1084 nucleum
345 1041 590 1083 admodum
639 1042 865 1083 minutum
914 1046 967 1091 et,
1005 1042 1107 1083 hinc
1141 1055 1258 1097 tegre
1291 1043 1483 1085 sectione
1516 1044 1647 1092 facta,

88 1113 419 1155 observandum
449 1112 661 1162 dicerem;
697 1127 752 1153 an
788 1112 923 1167 igitur
955 1113 1035 1154 rite
1063 1113 1293 1155 evolutum
1317 1113 1648 1156 observaverim

91 1199 160 1226 me
207 1185 389 1226 nescire.
464 1183 721 1225 Placentam
769 1183 1005 1226 observare
1058 1184 1224 1225 credidi
1274 1199 1408 1240 supra
1454 1185 1650 1226 fundum

89 1256 334 1311 pericarpii,
395 1255 479 1297 filis
538 1254 810 1310 quibusdam
869 1256 1308 1298 anastomosantibus
1366 1256 1646 1306 instructum,

90 1341 248 1382 parum
296 1327 597 1381 conspicuam,
646 1327 774 1381 quasi
819 1326 1077 1368 immediate
1116 1341 1169 1368 ex
1201 1327 1369 1369 cellulis
1402 1333 1649 1370 anastomo-

87 1398 288 1440 santibus
335 1398 568 1440 fasciculos
618 1397 793 1439 filorum
840 1398 887 1438 in
927 1397 1112 1453 globum
1150 1399 1414 1454 conjunctos
1447 1399 1648 1441 emitten-

87 1470 216 1512 tibus.
282 1468 378 1511 Fila
410 1469 555 1511 nuclei
590 1469 650 1510 ita
682 1468 820 1511 densa
854 1474 901 1510 ut
932 1469 1176 1524 gemmidia
1209 1474 1392 1511 externa
1415 1470 1646 1512 interiores

88 1546 232 1596 partes
265 1541 551 1582 circumcirca
583 1540 837 1595 obtegentia
870 1540 1075 1582 dicerem.
1126 1540 1359 1591 Nucleum‚
1385 1542 1539 1583 leviter
1561 1541 1644 1583 sub

87 1613 200 1655 vitro
223 1612 531 1667 superjacente
564 1625 881 1666 compressum,
918 1610 1100 1653 demum
1136 1611 1361 1666 paulisper
1384 1611 1647 1654 distractum

86 1683 189 1733 vidi,
240 1688 283 1725 et
322 1683 558 1725 observare
597 1682 782 1737 contigit
815 1696 960 1724 ramos
994 1683 1138 1724 nuclei
1171 1683 1413 1727 interiores,
1449 1698 1646 1739 quoquo-

84 1769 262 1797 versum
312 1754 440 1809 quasi
487 1768 513 1795 a
560 1758 710 1796 centro
758 1753 994 1803 radiantes,
1045 1754 1214 1796 intimis
1263 1754 1397 1796 ramis
1438 1755 1646 1797 articulos

89 1826 220 1881 paulo
255 1826 473 1881 longiores
506 1826 811 1875 offerentibus,
842 1826 1019 1867 extimis
1042 1825 1237 1868 articulis
1262 1826 1402 1880 magis
1425 1825 1645 1877 obovatis;

85 1898 266 1939 demum
316 1897 425 1938 mihi
474 1897 699 1951 (nucleum
732 1896 957 1951 dilapsum
990 1897 1259 1951 observanti)
1293 1897 1552 1951 adparuisse
1587 1897 1645 1939 di-

85 1983 228 2010 cerem
276 1967 482 2010 nucleum
529 1968 677 2023 potius
711 1969 874 2010 referre
908 1973 1079 2024 typum,
1115 1983 1246 2023 quem
1282 1968 1328 2009 in
1365 1969 1645 2011 Delesserieis

87 2039 275 2095 propriis
319 2039 577 2095 dignoscere
616 2041 783 2095 putavi,
819 2054 957 2095 quam
990 2040 1130 2091 illum,
1165 2054 1300 2094 quem
1334 2040 1379 2081 in
1413 2039 1644 2095 Nitophyl-

84 2111 162 2153 leis
195 2111 264 2153 his
296 2111 495 2166 typicum
530 2111 710 2154 credidi.

226 2183 533 2238 Sporophylla‚
583 2184 733 2238 qualia
780 2184 890 2225 soris
930 2184 1157 2233 instructa,
1193 2183 1566 2237 obovato-peltata
1599 2188 1643 2225 et

84 2253 328 2295 admodum
378 2255 551 2296 minuta
598 2254 804 2304 dicerem,
854 2255 982 2309 quasi
1032 2255 1231 2309 margine
1265 2254 1400 2296 sterili
1435 2259 1478 2295 et
1510 2269 1643 2296 mem-

86 2324 302 2366 branaceo
336 2326 491 2374 cincta,
528 2325 674 2367 media
705 2331 829 2381 parte
862 2326 1128 2381 adparenter
1156 2325 1296 2379 magis
1318 2339 1504 2368 carnosa
1526 2326 1644 2381 ipsas

84 2396 414 2451 sphaerosporas
447 2396 641 2439 fovente.
690 2397 740 2438 In
769 2398 851 2439 hac
875 2402 999 2452 parte
1025 2397 1164 2450 magis
1188 2397 1432 2438 incrassata
1454 2397 1643 2451 sphaero—

85 2481 238 2522 sporas
281 2467 535 2509 nidulantes
579 2468 683 2518 vidi,
727 2473 915 2523 utraque
950 2468 1125 2523 pagina,
1160 2482 1239 2509 suo
1273 2481 1371 2509 soro
1405 2468 1641 2518 instructa3

84 2543 128 2578 at
160 2538 279 2579 hunc
311 2552 460 2580 sorum
496 2552 584 2581 non
618 2539 709 2581 vidi
743 2541 879 2595 (more
914 2540 951 2580 N
959 2538 1275 2594 itophyllorum
1310 2539 1432 2581 velut
1468 2538 1643 2595 Botryo-

83 2610 359 2664 carpearum)
391 2624 542 2664 gerere
575 2610 906 2666 sphaerosporas
935 2611 1101 2652 cinctas
1125 2624 1204 2651 suo
1228 2609 1441 2652 fasciculo
1467 2610 1642 2652 filorum

84 2680 374 2729 verticalium‚
409 2681 485 2723 sed
517 2681 633 2723 inter
664 2681 856 2728 cellulas,
902 2682 1166 2736 adparenter
1200 2681 1498 2736 irregulariter
1529 2696 1643 2724 com-

82 2764 269 2807 pressas,
303 2752 635 2809 sphaerosporas
667 2753 762 2796 sinc
795 2752 950 2796 ordine
976 2752 1085 2795 bene
1108 2752 1349 2810 conspicuo
1371 2752 1636 2798 nidulantes.
