<?xml version="1.0" encoding="UTF-8"?>
<!DOCTYPE html PUBLIC "-//W3C//DTD XHTML 1.0 Transitional//EN"
    "http://www.w3.org/TR/xhtml1/DTD/xhtml1-transitional.dtd">
<html xmlns="http://www.w3.org/1999/xhtml" xml:lang="en" lang="en">
 <head>
  <title>
</title>
<meta http-equiv="Content-Type" content="text/html;charset=utf-8" />
  <meta name='ocr-system' content='tesseract 3.04.00' />
  <meta name='ocr-capabilities' content='ocr_page ocr_carea ocr_par ocr_line ocrx_word'/>
</head>
<body>
  <div class='ocr_page' id='page_1' title='image "./speciesgeneraeto0303agar_0206.png"; bbox 0 0 1875 3116; ppageno 0'>
   <div class='ocr_carea' id='block_1_1' title="bbox 203 122 1758 177">
    <p class='ocr_par' dir='ltr' id='par_1_1' title="bbox 203 122 1758 177">
     <span class='ocr_line' id='line_1_1' title="bbox 203 122 1758 177; baseline -0.003 -10"><span class='ocrx_word' id='word_1_1' title='bbox 203 128 284 167; x_wconf 75' lang='lat'>192</span> <span class='ocrx_word' id='word_1_2' title='bbox 819 122 1136 163; x_wconf 79' lang='lat' dir='ltr'>DELESSERIAE.</span> <span class='ocrx_word' id='word_1_3' title='bbox 1470 123 1758 177; x_wconf 42' lang='lat' dir='ltr'>Apoylossvnm.</span> 
     </span>
    </p>
   </div>
   <div class='ocr_carea' id='block_1_2' title="bbox 183 240 1762 2941">
    <p class='ocr_par' dir='ltr' id='par_1_2' title="bbox 193 240 1762 856">
     <span class='ocr_line' id='line_1_2' title="bbox 199 240 1761 299; baseline -0.002 -13"><span class='ocrx_word' id='word_1_4' title='bbox 199 257 441 299; x_wconf 81' lang='lat' dir='ltr'>congruere</span> <span class='ocrx_word' id='word_1_5' title='bbox 486 255 586 283; x_wconf 87' lang='lat' dir='ltr'>cum</span> <span class='ocrx_word' id='word_1_6' title='bbox 627 240 830 296; x_wconf 91' lang='lat' dir='ltr'>pluribus</span> <span class='ocrx_word' id='word_1_7' title='bbox 865 240 1106 296; x_wconf 71' lang='lat' dir='ltr'>Speciebus</span> <span class='ocrx_word' id='word_1_8' title='bbox 1139 240 1425 296; x_wconf 75' lang='lat' dir='ltr'>Hypoglossi‚</span> <span class='ocrx_word' id='word_1_9' title='bbox 1461 256 1572 296; x_wconf 88' lang='lat' dir='ltr'>quas</span> <span class='ocrx_word' id='word_1_10' title='bbox 1606 241 1659 284; x_wconf 91' lang='lat' dir='ltr'>de</span> <span class='ocrx_word' id='word_1_11' title='bbox 1692 242 1761 283; x_wconf 89' lang='lat' dir='ltr'>his</span> 
     </span>
     <span class='ocr_line' id='line_1_3' title="bbox 199 311 1761 368; baseline -0.001 -11"><span class='ocrx_word' id='word_1_12' title='bbox 199 315 395 357; x_wconf 79' lang='lat' dir='ltr'>scribens</span> <span class='ocrx_word' id='word_1_13' title='bbox 444 312 708 363; x_wconf 86' lang='lat' dir='ltr'>memoravi;</span> <span class='ocrx_word' id='word_1_14' title='bbox 759 316 801 353; x_wconf 87' lang='lat' dir='ltr'>et</span> <span class='ocrx_word' id='word_1_15' title='bbox 839 311 1118 366; x_wconf 73' lang='lat' dir='ltr'>comparanti</span> <span class='ocrx_word' id='word_1_16' title='bbox 1150 312 1330 354; x_wconf 77' lang='lat' dir='ltr'>cellulas</span> <span class='ocrx_word' id='word_1_17' title='bbox 1363 312 1499 368; x_wconf 82' lang='lat' dir='ltr'>hujus</span> <span class='ocrx_word' id='word_1_18' title='bbox 1533 313 1761 368; x_wconf 72' lang='lat' dir='ltr'>elongatae</span> 
     </span>
     <span class='ocr_line' id='line_1_4' title="bbox 197 383 1759 439; baseline -0.001 -12"><span class='ocrx_word' id='word_1_19' title='bbox 197 401 300 427; x_wconf 76' lang='lat' dir='ltr'>cuin</span> <span class='ocrx_word' id='word_1_20' title='bbox 333 385 459 427; x_wconf 74' lang='lat' dir='ltr'>venis</span> <span class='ocrx_word' id='word_1_21' title='bbox 493 384 539 425; x_wconf 91' lang='lat' dir='ltr'>in</span> <span class='ocrx_word' id='word_1_22' title='bbox 567 383 809 439; x_wconf 82' lang='lat' dir='ltr'>Speciebus</span> <span class='ocrx_word' id='word_1_23' title='bbox 832 384 1001 438; x_wconf 85' lang='lat' dir='ltr'>(quales</span> <span class='ocrx_word' id='word_1_24' title='bbox 1025 383 1079 425; x_wconf 88' lang='lat' dir='ltr'>D.</span> <span class='ocrx_word' id='word_1_25' title='bbox 1112 385 1150 425; x_wconf 85' lang='lat' dir='ltr'><em>T</em></span> <span class='ocrx_word' id='word_1_26' title='bbox 1148 384 1380 438; x_wconf 43' lang='lat' dir='ltr'>asmanse&#39;ca)</span> <span class='ocrx_word' id='word_1_27' title='bbox 1404 383 1759 436; x_wconf 78' lang='lat' dir='ltr'>obvenientibus,</span> 
     </span>
     <span class='ocr_line' id='line_1_5' title="bbox 197 454 1760 510; baseline 0 -12"><span class='ocrx_word' id='word_1_28' title='bbox 197 456 374 499; x_wconf 76' lang='lat' dir='ltr'>facilius</span> <span class='ocrx_word' id='word_1_29' title='bbox 407 455 633 510; x_wconf 84' lang='lat' dir='ltr'>quispiam</span> <span class='ocrx_word' id='word_1_30' title='bbox 667 459 857 510; x_wconf 83' lang='lat' dir='ltr'>putaret,</span> <span class='ocrx_word' id='word_1_31' title='bbox 892 468 1030 496; x_wconf 90' lang='lat' dir='ltr'>venas</span> <span class='ocrx_word' id='word_1_32' title='bbox 1063 454 1331 510; x_wconf 87' lang='lat' dir='ltr'>adparenter</span> <span class='ocrx_word' id='word_1_33' title='bbox 1367 455 1512 497; x_wconf 89' lang='lat' dir='ltr'>nudas</span> <span class='ocrx_word' id='word_1_34' title='bbox 1545 470 1646 497; x_wconf 89' lang='lat' dir='ltr'>cum</span> <span class='ocrx_word' id='word_1_35' title='bbox 1682 456 1760 498; x_wconf 91' lang='lat' dir='ltr'>cel-</span> 
     </span>
     <span class='ocr_line' id='line_1_6' title="bbox 196 526 1761 582; baseline -0.001 -12"><span class='ocrx_word' id='word_1_36' title='bbox 196 528 286 570; x_wconf 88' lang='lat' dir='ltr'>lula</span> <span class='ocrx_word' id='word_1_37' title='bbox 334 527 518 569; x_wconf 86' lang='lat' dir='ltr'>centrali</span> <span class='ocrx_word' id='word_1_38' title='bbox 566 531 698 568; x_wconf 81' lang='lat' dir='ltr'>costae</span> <span class='ocrx_word' id='word_1_39' title='bbox 746 540 841 568; x_wconf 92' lang='grc'>6886</span> <span class='ocrx_word' id='word_1_40' title='bbox 883 526 1116 581; x_wconf 87' lang='lat' dir='ltr'>analogas;</span> <span class='ocrx_word' id='word_1_41' title='bbox 1160 527 1265 568; x_wconf 90' lang='lat' dir='ltr'>hinc</span> <span class='ocrx_word' id='word_1_42' title='bbox 1298 541 1477 582; x_wconf 85' lang='lat' dir='ltr'>quoque</span> <span class='ocrx_word' id='word_1_43' title='bbox 1510 528 1591 569; x_wconf 92' lang='lat' dir='ltr'>has</span> <span class='ocrx_word' id='word_1_44' title='bbox 1624 542 1761 571; x_wconf 89' lang='lat' dir='ltr'>venas</span> 
     </span>
     <span class='ocr_line' id='line_1_7' title="bbox 196 598 1761 655; baseline 0 -15"><span class='ocrx_word' id='word_1_45' title='bbox 196 600 431 642; x_wconf 84' lang='lat' dir='ltr'>observare</span> <span class='ocrx_word' id='word_1_46' title='bbox 480 598 609 640; x_wconf 88' lang='lat' dir='ltr'>liceat</span> <span class='ocrx_word' id='word_1_47' title='bbox 656 612 682 639; x_wconf 90' lang='lat' dir='ltr'>a</span> <span class='ocrx_word' id='word_1_48' title='bbox 728 602 851 639; x_wconf 91' lang='lat' dir='ltr'>costa</span> <span class='ocrx_word' id='word_1_49' title='bbox 898 599 1133 652; x_wconf 84' lang='lat' dir='ltr'>provenire</span> <span class='ocrx_word' id='word_1_50' title='bbox 1167 598 1406 654; x_wconf 79' lang='lat' dir='ltr'>oppositas,</span> <span class='ocrx_word' id='word_1_51' title='bbox 1471 599 1522 640; x_wconf 90' lang='lat' dir='ltr'>In</span> <span class='ocrx_word' id='word_1_52' title='bbox 1555 599 1761 655; x_wconf 81' lang='lat' dir='ltr'>plurimis</span> 
     </span>
     <span class='ocr_line' id='line_1_8' title="bbox 196 669 1758 727; baseline -0.001 -14"><span class='ocrx_word' id='word_1_53' title='bbox 196 671 436 727; x_wconf 75' lang='lat' dir='ltr'>Speciebus</span> <span class='ocrx_word' id='word_1_54' title='bbox 468 670 695 724; x_wconf 59' lang='lat' dir='ltr'>Apoylossf</span> <span class='ocrx_word' id='word_1_55' title='bbox 726 669 911 711; x_wconf 91' lang='lat' dir='ltr'>costales</span> <span class='ocrx_word' id='word_1_56' title='bbox 944 669 1126 711; x_wconf 82' lang='lat' dir='ltr'>cellulas</span> <span class='ocrx_word' id='word_1_57' title='bbox 1158 684 1264 711; x_wconf 86' lang='lat' dir='ltr'>mox</span> <span class='ocrx_word' id='word_1_58' title='bbox 1297 670 1529 712; x_wconf 88' lang='lat' dir='ltr'>corticatas</span> <span class='ocrx_word' id='word_1_59' title='bbox 1552 670 1758 721; x_wconf 78' lang='lat' dir='ltr'>dicerem,</span> 
     </span>
     <span class='ocr_line' id='line_1_9' title="bbox 195 741 1762 796; baseline 0 -12"><span class='ocrx_word' id='word_1_60' title='bbox 195 748 237 784; x_wconf 88' lang='lat' dir='ltr'>et</span> <span class='ocrx_word' id='word_1_61' title='bbox 279 743 464 790; x_wconf 66' lang='lat' dir='ltr'>caulem,</span> <span class='ocrx_word' id='word_1_62' title='bbox 513 741 697 783; x_wconf 90' lang='lat' dir='ltr'>demum</span> <span class='ocrx_word' id='word_1_63' title='bbox 730 741 777 782; x_wconf 93' lang='lat' dir='ltr'>in</span> <span class='ocrx_word' id='word_1_64' title='bbox 809 741 1018 783; x_wconf 78' lang='lat' dir='ltr'>inferiore</span> <span class='ocrx_word' id='word_1_65' title='bbox 1051 747 1176 796; x_wconf 89' lang='lat' dir='ltr'>parte</span> <span class='ocrx_word' id='word_1_66' title='bbox 1210 742 1463 791; x_wconf 72' lang='lat' dir='ltr'>formatum,</span> <span class='ocrx_word' id='word_1_67' title='bbox 1499 742 1569 783; x_wconf 90' lang='lat' dir='ltr'>ala</span> <span class='ocrx_word' id='word_1_68' title='bbox 1602 742 1762 784; x_wconf 88' lang='lat' dir='ltr'>detrita</span> 
     </span>
     <span class='ocr_line' id='line_1_10' title="bbox 193 812 741 856; baseline 0 -1"><span class='ocrx_word' id='word_1_69' title='bbox 193 815 286 856; x_wconf 78' lang='lat' dir='ltr'>fere</span> <span class='ocrx_word' id='word_1_70' title='bbox 318 817 499 856; x_wconf 87' lang='lat' dir='ltr'>teretem</span> <span class='ocrx_word' id='word_1_71' title='bbox 535 812 741 855; x_wconf 86' lang='lat' dir='ltr'>dicerem.</span> 
     </span>
    </p>

    <p class='ocr_par' dir='ltr' id='par_1_3' title="bbox 188 883 1760 1800">
     <span class='ocr_line' id='line_1_11' title="bbox 336 883 1760 942; baseline 0.001 -16"><span class='ocrx_word' id='word_1_72' title='bbox 336 884 609 926; x_wconf 75' lang='lat' dir='ltr'>Fructiferas</span> <span class='ocrx_word' id='word_1_73' title='bbox 657 888 804 939; x_wconf 88' lang='lat' dir='ltr'>partes</span> <span class='ocrx_word' id='word_1_74' title='bbox 852 884 898 925; x_wconf 90' lang='lat' dir='ltr'>in</span> <span class='ocrx_word' id='word_1_75' title='bbox 944 883 1203 939; x_wconf 87' lang='lat' dir='ltr'>Apoglossis</span> <span class='ocrx_word' id='word_1_76' title='bbox 1252 899 1352 926; x_wconf 89' lang='lat' dir='ltr'>cum</span> <span class='ocrx_word' id='word_1_77' title='bbox 1403 885 1559 927; x_wconf 88' lang='lat' dir='ltr'>iisdem</span> <span class='ocrx_word' id='word_1_78' title='bbox 1611 886 1760 942; x_wconf 79' lang='lat' dir='ltr'>Hypo-</span> 
     </span>
     <span class='ocr_line' id='line_1_12' title="bbox 194 955 1760 1013; baseline 0.001 -14"><span class='ocrx_word' id='word_1_79' title='bbox 194 957 445 1013; x_wconf 88' lang='lat' dir='ltr'>glossorum</span> <span class='ocrx_word' id='word_1_80' title='bbox 498 956 700 1012; x_wconf 77' lang='lat' dir='ltr'>proxime</span> <span class='ocrx_word' id='word_1_81' title='bbox 754 955 1071 998; x_wconf 87' lang='lat' dir='ltr'>convenientes</span> <span class='ocrx_word' id='word_1_82' title='bbox 1119 955 1368 998; x_wconf 81' lang='lat' dir='ltr'>observavi.</span> <span class='ocrx_word' id='word_1_83' title='bbox 1442 957 1509 998; x_wconf 85' lang='lat' dir='ltr'>Ex</span> <span class='ocrx_word' id='word_1_84' title='bbox 1557 958 1760 1000; x_wconf 90' lang='lat' dir='ltr'>iconibus</span> 
     </span>
     <span class='ocr_line' id='line_1_13' title="bbox 192 1027 1760 1085; baseline 0.001 -15"><span class='ocrx_word' id='word_1_85' title='bbox 192 1028 306 1071; x_wconf 89' lang='lat' dir='ltr'>datis</span> <span class='ocrx_word' id='word_1_86' title='bbox 352 1027 624 1083; x_wconf 82' lang='lat' dir='ltr'>jamdudum</span> <span class='ocrx_word' id='word_1_87' title='bbox 672 1032 845 1069; x_wconf 88' lang='lat' dir='ltr'>constat</span> <span class='ocrx_word' id='word_1_88' title='bbox 892 1028 1170 1083; x_wconf 85' lang='lat' dir='ltr'>cystocarpia</span> <span class='ocrx_word' id='word_1_89' title='bbox 1210 1029 1413 1083; x_wconf 86' lang='lat' dir='ltr'>generari</span> <span class='ocrx_word' id='word_1_90' title='bbox 1447 1033 1578 1071; x_wconf 57' lang='lat' dir='ltr'>costae</span> <span class='ocrx_word' id='word_1_91' title='bbox 1612 1044 1760 1085; x_wconf 89' lang='lat' dir='ltr'>super-</span> 
     </span>
     <span class='ocr_line' id='line_1_14' title="bbox 193 1099 1760 1155; baseline 0.001 -13"><span class='ocrx_word' id='word_1_92' title='bbox 193 1101 354 1155; x_wconf 86' lang='lat' dir='ltr'>posita;</span> <span class='ocrx_word' id='word_1_93' title='bbox 406 1114 529 1142; x_wconf 89' lang='lat' dir='ltr'>soros</span> <span class='ocrx_word' id='word_1_94' title='bbox 576 1113 681 1142; x_wconf 91' lang='lat' dir='ltr'>vero</span> <span class='ocrx_word' id='word_1_95' title='bbox 730 1099 1142 1154; x_wconf 81' lang='lat' dir='ltr'>sphaerosporarum</span> <span class='ocrx_word' id='word_1_96' title='bbox 1194 1100 1239 1141; x_wconf 91' lang='lat' dir='ltr'>in</span> <span class='ocrx_word' id='word_1_97' title='bbox 1286 1100 1514 1142; x_wconf 86' lang='lat' dir='ltr'>nonnullis</span> <span class='ocrx_word' id='word_1_98' title='bbox 1548 1101 1760 1144; x_wconf 84' lang='lat' dir='ltr'>obvenire</span> 
     </span>
     <span class='ocr_line' id='line_1_15' title="bbox 191 1170 1759 1227; baseline 0.001 -14"><span class='ocrx_word' id='word_1_99' title='bbox 191 1178 381 1227; x_wconf 87' lang='lat' dir='ltr'>utroque</span> <span class='ocrx_word' id='word_1_100' title='bbox 430 1171 565 1213; x_wconf 90' lang='lat' dir='ltr'>latere</span> <span class='ocrx_word' id='word_1_101' title='bbox 613 1175 745 1213; x_wconf 82' lang='lat' dir='ltr'>costae</span> <span class='ocrx_word' id='word_1_102' title='bbox 793 1171 890 1212; x_wconf 78' lang='lat' dir='ltr'>folii</span> <span class='ocrx_word' id='word_1_103' title='bbox 935 1171 1077 1226; x_wconf 89' lang='lat' dir='ltr'>ipsius</span> <span class='ocrx_word' id='word_1_104' title='bbox 1110 1170 1317 1226; x_wconf 81' lang='lat' dir='ltr'>elongati,</span> <span class='ocrx_word' id='word_1_105' title='bbox 1353 1172 1491 1214; x_wconf 88' lang='lat' dir='ltr'>lineas</span> <span class='ocrx_word' id='word_1_106' title='bbox 1525 1173 1759 1227; x_wconf 88' lang='lat' dir='ltr'>parallelas</span> 
     </span>
     <span class='ocr_line' id='line_1_16' title="bbox 191 1242 1757 1297; baseline 0.001 -13"><span class='ocrx_word' id='word_1_107' title='bbox 191 1243 438 1285; x_wconf 76' lang='lat' dir='ltr'>formantes</span> <span class='ocrx_word' id='word_1_108' title='bbox 487 1242 561 1296; x_wconf 84' lang='lat' dir='ltr'>(D.</span> <span class='ocrx_word' id='word_1_109' title='bbox 597 1243 868 1297; x_wconf 35' lang='lat' dir='ltr'>ruscsagfoh‘ass</span> <span class='ocrx_word' id='word_1_110' title='bbox 915 1243 961 1284; x_wconf 88' lang='lat' dir='ltr'>in</span> <span class='ocrx_word' id='word_1_111' title='bbox 1002 1242 1098 1284; x_wconf 89' lang='lat' dir='ltr'>aliis</span> <span class='ocrx_word' id='word_1_112' title='bbox 1140 1248 1284 1285; x_wconf 88' lang='lat' dir='ltr'>totum</span> <span class='ocrx_word' id='word_1_113' title='bbox 1318 1244 1411 1286; x_wconf 76' lang='lat' dir='ltr'>fere</span> <span class='ocrx_word' id='word_1_114' title='bbox 1444 1244 1601 1286; x_wconf 79' lang='lat' dir='ltr'>folium</span> <span class='ocrx_word' id='word_1_115' title='bbox 1635 1259 1757 1287; x_wconf 91' lang='lat' dir='ltr'>occu-</span> 
     </span>
     <span class='ocr_line' id='line_1_17' title="bbox 191 1313 1759 1370; baseline 0.002 -15"><span class='ocrx_word' id='word_1_116' title='bbox 191 1319 349 1370; x_wconf 91' lang='lat' dir='ltr'>pantes</span> <span class='ocrx_word' id='word_1_117' title='bbox 382 1314 595 1369; x_wconf 84' lang='lat' dir='ltr'>(exceptis</span> <span class='ocrx_word' id='word_1_118' title='bbox 628 1313 909 1369; x_wconf 86' lang='lat' dir='ltr'>marginibus</span> <span class='ocrx_word' id='word_1_119' title='bbox 942 1319 985 1356; x_wconf 90' lang='lat' dir='ltr'>et</span> <span class='ocrx_word' id='word_1_120' title='bbox 1016 1315 1113 1369; x_wconf 91' lang='lat' dir='ltr'>ipso</span> <span class='ocrx_word' id='word_1_121' title='bbox 1146 1315 1272 1369; x_wconf 86' lang='lat' dir='ltr'>apice</span> <span class='ocrx_word' id='word_1_122' title='bbox 1305 1314 1401 1356; x_wconf 76' lang='lat' dir='ltr'>folii</span> <span class='ocrx_word' id='word_1_123' title='bbox 1442 1320 1577 1370; x_wconf 86' lang='lat' dir='ltr'>atque</span> <span class='ocrx_word' id='word_1_124' title='bbox 1610 1316 1759 1358; x_wconf 89' lang='lat' dir='ltr'>media</span> 
     </span>
     <span class='ocr_line' id='line_1_18' title="bbox 191 1385 1755 1441; baseline 0.002 -14"><span class='ocrx_word' id='word_1_125' title='bbox 191 1386 370 1441; x_wconf 80' lang='lat' dir='ltr'>regione</span> <span class='ocrx_word' id='word_1_126' title='bbox 421 1385 576 1428; x_wconf 89' lang='lat' dir='ltr'>costali</span> <span class='ocrx_word' id='word_1_127' title='bbox 623 1385 698 1439; x_wconf 89' lang='lat' dir='ltr'>(D.</span> <span class='ocrx_word' id='word_1_128' title='bbox 733 1386 919 1428; x_wconf 69' lang='lat' dir='ltr'>violacea</span> <span class='ocrx_word' id='word_1_129' title='bbox 950 1387 995 1428; x_wconf 86' lang='lat' dir='ltr'>J.</span> <span class='ocrx_word' id='word_1_130' title='bbox 1030 1387 1156 1439; x_wconf 70' lang='lat' dir='ltr'><strong><em>Ay.),·</em></strong></span> <span class='ocrx_word' id='word_1_131' title='bbox 1204 1385 1397 1441; x_wconf 88' lang='lat' dir='ltr'>denique</span> <span class='ocrx_word' id='word_1_132' title='bbox 1444 1386 1491 1428; x_wconf 91' lang='lat' dir='ltr'>in</span> <span class='ocrx_word' id='word_1_133' title='bbox 1540 1387 1637 1429; x_wconf 90' lang='lat' dir='ltr'>aliis</span> <span class='ocrx_word' id='word_1_134' title='bbox 1679 1388 1755 1441; x_wconf 89' lang='lat' dir='ltr'>(D.</span> 
     </span>
     <span class='ocr_line' id='line_1_19' title="bbox 195 1456 1759 1515; baseline 0.001 -16"><span class='ocrx_word' id='word_1_135' title='bbox 195 1458 464 1507; x_wconf 73' lang='lat' dir='ltr'>Tasmmzica,</span> <span class='ocrx_word' id='word_1_136' title='bbox 514 1457 569 1499; x_wconf 90' lang='lat' dir='ltr'>D.</span> <span class='ocrx_word' id='word_1_137' title='bbox 605 1457 856 1511; x_wconf 60' lang='lat' dir='ltr'>deczpiente)</span> <span class='ocrx_word' id='word_1_138' title='bbox 904 1456 948 1498; x_wconf 92' lang='lat' dir='ltr'>in</span> <span class='ocrx_word' id='word_1_139' title='bbox 998 1456 1162 1499; x_wconf 81' lang='lat' dir='ltr'>foliolis</span> <span class='ocrx_word' id='word_1_140' title='bbox 1210 1458 1530 1507; x_wconf 70' lang='lat' dir='ltr'>transmutatis,</span> <span class='ocrx_word' id='word_1_141' title='bbox 1578 1459 1759 1515; x_wconf 88' lang='lat' dir='ltr'>propria</span> 
     </span>
     <span class='ocr_line' id='line_1_20' title="bbox 190 1528 1755 1585; baseline 0.003 -16"><span class='ocrx_word' id='word_1_142' title='bbox 190 1530 318 1585; x_wconf 80' lang='lat' dir='ltr'>quasi</span> <span class='ocrx_word' id='word_1_143' title='bbox 368 1528 658 1584; x_wconf 73' lang='lat' dir='ltr'>spor-ophylla</span> <span class='ocrx_word' id='word_1_144' title='bbox 707 1528 1007 1571; x_wconf 74' lang='lat' dir='ltr'>formantibus</span> <span class='ocrx_word' id='word_1_145' title='bbox 1049 1529 1336 1571; x_wconf 88' lang='lat' dir='ltr'>obvenientia</span> <span class='ocrx_word' id='word_1_146' title='bbox 1368 1530 1444 1582; x_wconf 75' lang='lat' dir='ltr'>(D,</span> <span class='ocrx_word' id='word_1_147' title='bbox 1486 1531 1755 1580; x_wconf 71' lang='lat' dir='ltr'>Tasmam&#39;ea,</span> 
     </span>
     <span class='ocr_line' id='line_1_21' title="bbox 190 1599 1753 1657; baseline 0 -14"><span class='ocrx_word' id='word_1_148' title='bbox 190 1601 244 1643; x_wconf 87' lang='lat' dir='ltr'>D.</span> <span class='ocrx_word' id='word_1_149' title='bbox 281 1601 524 1655; x_wconf 62' lang='lat' dir='ltr'>decefflews).</span> <span class='ocrx_word' id='word_1_150' title='bbox 590 1600 674 1642; x_wconf 92' lang='lat' dir='ltr'>His</span> <span class='ocrx_word' id='word_1_151' title='bbox 723 1614 828 1643; x_wconf 91' lang='lat' dir='ltr'>vero</span> <span class='ocrx_word' id='word_1_152' title='bbox 877 1599 1119 1656; x_wconf 81' lang='lat' dir='ltr'>Speciebus</span> <span class='ocrx_word' id='word_1_153' title='bbox 1164 1600 1250 1642; x_wconf 90' lang='lat' dir='ltr'>alio</span> <span class='ocrx_word' id='word_1_154' title='bbox 1289 1605 1491 1656; x_wconf 88' lang='lat' dir='ltr'>respectu</span> <span class='ocrx_word' id='word_1_155' title='bbox 1525 1602 1753 1657; x_wconf 73' lang='lat' dir='ltr'>proximis,</span> 
     </span>
     <span class='ocr_line' id='line_1_22' title="bbox 188 1671 1753 1716; baseline 0 -2"><span class='ocrx_word' id='word_1_156' title='bbox 188 1672 519 1714; x_wconf 83' lang='lat' dir='ltr'>characteribus</span> <span class='ocrx_word' id='word_1_157' title='bbox 567 1671 664 1714; x_wconf 92' lang='lat' dir='ltr'>aliis</span> <span class='ocrx_word' id='word_1_158' title='bbox 712 1686 738 1714; x_wconf 87' lang='lat' dir='ltr'>a</span> <span class='ocrx_word' id='word_1_159' title='bbox 786 1672 873 1714; x_wconf 88' lang='lat' dir='ltr'>situ</span> <span class='ocrx_word' id='word_1_160' title='bbox 921 1672 1006 1713; x_wconf 91' lang='lat' dir='ltr'>sori</span> <span class='ocrx_word' id='word_1_161' title='bbox 1055 1672 1256 1714; x_wconf 86' lang='lat' dir='ltr'>deductis</span> <span class='ocrx_word' id='word_1_162' title='bbox 1289 1672 1409 1714; x_wconf 85' lang='lat' dir='ltr'>haud</span> <span class='ocrx_word' id='word_1_163' title='bbox 1443 1673 1629 1715; x_wconf 87' lang='lat' dir='ltr'>nimiam</span> <span class='ocrx_word' id='word_1_164' title='bbox 1663 1673 1753 1716; x_wconf 89' lang='lat' dir='ltr'>vim</span> 
     </span>
     <span class='ocr_line' id='line_1_23' title="bbox 188 1743 1427 1800; baseline 0.002 -16"><span class='ocrx_word' id='word_1_165' title='bbox 188 1743 291 1784; x_wconf 88' lang='lat' dir='ltr'>huic</span> <span class='ocrx_word' id='word_1_166' title='bbox 324 1744 567 1786; x_wconf 86' lang='lat' dir='ltr'>characteri</span> <span class='ocrx_word' id='word_1_167' title='bbox 602 1744 889 1786; x_wconf 86' lang='lat' dir='ltr'>tribuendam</span> <span class='ocrx_word' id='word_1_168' title='bbox 923 1758 1031 1793; x_wconf 83' lang='lat' dir='ltr'>esse,</span> <span class='ocrx_word' id='word_1_169' title='bbox 1067 1743 1272 1786; x_wconf 86' lang='lat' dir='ltr'>didicisse</span> <span class='ocrx_word' id='word_1_170' title='bbox 1305 1749 1427 1800; x_wconf 79' lang='lat' dir='ltr'>puto.</span> 
     </span>
    </p>

    <p class='ocr_par' dir='ltr' id='par_1_4' title="bbox 183 1815 1754 2581">
     <span class='ocr_line' id='line_1_24' title="bbox 330 1815 1754 1871; baseline 0.002 -15"><span class='ocrx_word' id='word_1_171' title='bbox 330 1815 463 1864; x_wconf 75' lang='lat' dir='ltr'>Quod</span> <span class='ocrx_word' id='word_1_172' title='bbox 506 1830 611 1858; x_wconf 85' lang='lat' dir='ltr'>vero</span> <span class='ocrx_word' id='word_1_173' title='bbox 653 1816 813 1858; x_wconf 86' lang='lat' dir='ltr'>attinet</span> <span class='ocrx_word' id='word_1_174' title='bbox 845 1815 991 1871; x_wconf 91' lang='lat' dir='ltr'>ipsam</span> <span class='ocrx_word' id='word_1_175' title='bbox 1025 1820 1295 1857; x_wconf 87' lang='lat' dir='ltr'>structuram</span> <span class='ocrx_word' id='word_1_176' title='bbox 1330 1817 1429 1867; x_wconf 85' lang='lat' dir='ltr'>sori,</span> <span class='ocrx_word' id='word_1_177' title='bbox 1465 1816 1581 1858; x_wconf 81' lang='lat' dir='ltr'>banc</span> <span class='ocrx_word' id='word_1_178' title='bbox 1612 1817 1754 1859; x_wconf 88' lang='lat' dir='ltr'>obser-</span> 
     </span>
     <span class='ocr_line' id='line_1_25' title="bbox 188 1887 1752 1943; baseline 0.001 -15"><span class='ocrx_word' id='word_1_179' title='bbox 188 1901 293 1928; x_wconf 88' lang='lat' dir='ltr'>vare</span> <span class='ocrx_word' id='word_1_180' title='bbox 335 1887 501 1929; x_wconf 86' lang='lat' dir='ltr'>credidi</span> <span class='ocrx_word' id='word_1_181' title='bbox 548 1887 602 1929; x_wconf 91' lang='lat' dir='ltr'>ad</span> <span class='ocrx_word' id='word_1_182' title='bbox 638 1892 796 1943; x_wconf 81' lang='lat' dir='ltr'>typum</span> <span class='ocrx_word' id='word_1_183' title='bbox 831 1887 1102 1943; x_wconf 77' lang='lat' dir='ltr'>Hypoglossi</span> <span class='ocrx_word' id='word_1_184' title='bbox 1136 1888 1399 1929; x_wconf 72' lang='lat' dir='ltr'>confectam.</span> <span class='ocrx_word' id='word_1_185' title='bbox 1466 1888 1752 1943; x_wconf 83' lang='lat' dir='ltr'>Comparanti</span> 
     </span>
     <span class='ocr_line' id='line_1_26' title="bbox 189 1958 1753 2015; baseline 0 -16"><span class='ocrx_word' id='word_1_186' title='bbox 189 1959 402 1999; x_wconf 88' lang='lat' dir='ltr'>nimirum</span> <span class='ocrx_word' id='word_1_187' title='bbox 437 1959 550 2000; x_wconf 91' lang='lat' dir='ltr'>mihi</span> <span class='ocrx_word' id='word_1_188' title='bbox 583 1973 748 2008; x_wconf 76' lang='lat' dir='ltr'>sorum,</span> <span class='ocrx_word' id='word_1_189' title='bbox 784 1958 960 2013; x_wconf 80' lang='lat' dir='ltr'>qualem</span> <span class='ocrx_word' id='word_1_190' title='bbox 997 1959 1052 2000; x_wconf 90' lang='lat' dir='ltr'>ab</span> <span class='ocrx_word' id='word_1_191' title='bbox 1086 1963 1275 2014; x_wconf 78' lang='lat' dir='ltr'>utraque</span> <span class='ocrx_word' id='word_1_192' title='bbox 1309 1960 1474 2014; x_wconf 81' lang='lat' dir='ltr'>pagina</span> <span class='ocrx_word' id='word_1_193' title='bbox 1500 1960 1592 2001; x_wconf 87' lang='lat' dir='ltr'>suis</span> <span class='ocrx_word' id='word_1_194' title='bbox 1615 1959 1753 2015; x_wconf 77' lang='lat' dir='ltr'>sphae-</span> 
     </span>
     <span class='ocr_line' id='line_1_27' title="bbox 186 2029 1753 2086; baseline 0.002 -16"><span class='ocrx_word' id='word_1_195' title='bbox 186 2031 378 2085; x_wconf 86' lang='lat' dir='ltr'>rosporis</span> <span class='ocrx_word' id='word_1_196' title='bbox 412 2031 678 2072; x_wconf 89' lang='lat' dir='ltr'>instructum</span> <span class='ocrx_word' id='word_1_197' title='bbox 714 2029 818 2079; x_wconf 71' lang='lat' dir='ltr'>vidi,</span> <span class='ocrx_word' id='word_1_198' title='bbox 857 2030 964 2071; x_wconf 85' lang='lat' dir='ltr'>mihi</span> <span class='ocrx_word' id='word_1_199' title='bbox 999 2031 1184 2071; x_wconf 88' lang='lat' dir='ltr'>omnino</span> <span class='ocrx_word' id='word_1_200' title='bbox 1218 2035 1389 2072; x_wconf 90' lang='lat' dir='ltr'>certum</span> <span class='ocrx_word' id='word_1_201' title='bbox 1424 2030 1633 2086; x_wconf 81' lang='lat' dir='ltr'>adparuit</span> <span class='ocrx_word' id='word_1_202' title='bbox 1659 2045 1753 2073; x_wconf 91' lang='lat' dir='ltr'>esse</span> 
     </span>
     <span class='ocr_line' id='line_1_28' title="bbox 186 2101 1752 2157; baseline 0.001 -15"><span class='ocrx_word' id='word_1_203' title='bbox 186 2101 379 2143; x_wconf 88' lang='lat' dir='ltr'>eundem</span> <span class='ocrx_word' id='word_1_204' title='bbox 429 2116 593 2150; x_wconf 71' lang='lat' dir='ltr'>sorum,</span> <span class='ocrx_word' id='word_1_205' title='bbox 642 2102 733 2143; x_wconf 88' lang='lat' dir='ltr'>suis</span> <span class='ocrx_word' id='word_1_206' title='bbox 772 2101 1000 2143; x_wconf 87' lang='lat' dir='ltr'>nonnullis</span> <span class='ocrx_word' id='word_1_207' title='bbox 1035 2101 1355 2157; x_wconf 85' lang='lat' dir='ltr'>sphaerosporis</span> <span class='ocrx_word' id='word_1_208' title='bbox 1388 2102 1531 2157; x_wconf 86' lang='lat' dir='ltr'>magis</span> <span class='ocrx_word' id='word_1_209' title='bbox 1564 2102 1752 2144; x_wconf 88' lang='lat' dir='ltr'>evolutis</span> 
     </span>
     <span class='ocr_line' id='line_1_29' title="bbox 184 2172 1752 2228; baseline 0.002 -16"><span class='ocrx_word' id='word_1_210' title='bbox 184 2173 465 2218; x_wconf 78' lang='lat' dir='ltr'>instructum,</span> <span class='ocrx_word' id='word_1_211' title='bbox 502 2172 599 2215; x_wconf 86' lang='lat' dir='ltr'>aliis</span> <span class='ocrx_word' id='word_1_212' title='bbox 631 2172 883 2220; x_wconf 67' lang='lat' dir='ltr'>inevolutis</span> <span class='ocrx_word' id='word_1_213' title='bbox 919 2187 1010 2214; x_wconf 89' lang='lat' dir='ltr'>una</span> <span class='ocrx_word' id='word_1_214' title='bbox 1042 2187 1144 2214; x_wconf 91' lang='lat' dir='ltr'>cum</span> <span class='ocrx_word' id='word_1_215' title='bbox 1178 2172 1346 2214; x_wconf 87' lang='lat' dir='ltr'>cellulis</span> <span class='ocrx_word' id='word_1_216' title='bbox 1384 2173 1752 2228; x_wconf 84' lang='lat' dir='ltr'>interjacentibus</span> 
     </span>
     <span class='ocr_line' id='line_1_30' title="bbox 186 2244 1749 2300; baseline 0.001 -16"><span class='ocrx_word' id='word_1_217' title='bbox 186 2244 677 2295; x_wconf 83' lang='lat' dir='ltr'>subnematheciosum;</span> <span class='ocrx_word' id='word_1_218' title='bbox 713 2244 983 2299; x_wconf 86' lang='lat' dir='ltr'>easdemque</span> <span class='ocrx_word' id='word_1_219' title='bbox 1017 2258 1111 2286; x_wconf 89' lang='lat' dir='ltr'>esse</span> <span class='ocrx_word' id='word_1_220' title='bbox 1145 2244 1477 2300; x_wconf 75' lang='lat' dir='ltr'>sphaerosporas</span> <span class='ocrx_word' id='word_1_221' title='bbox 1510 2244 1555 2286; x_wconf 90' lang='lat' dir='ltr'>in</span> <span class='ocrx_word' id='word_1_222' title='bbox 1589 2249 1749 2287; x_wconf 89' lang='lat' dir='ltr'>utram-</span> 
     </span>
     <span class='ocr_line' id='line_1_31' title="bbox 186 2315 1750 2370; baseline 0.002 -15"><span class='ocrx_word' id='word_1_223' title='bbox 186 2329 271 2368; x_wconf 68' lang='lat' dir='ltr'>que</span> <span class='ocrx_word' id='word_1_224' title='bbox 312 2316 524 2370; x_wconf 79' lang='lat' dir='ltr'>paginam</span> <span class='ocrx_word' id='word_1_225' title='bbox 572 2316 910 2366; x_wconf 80' lang='lat' dir='ltr'>translucentes,</span> <span class='ocrx_word' id='word_1_226' title='bbox 948 2321 993 2357; x_wconf 90' lang='lat' dir='ltr'>at</span> <span class='ocrx_word' id='word_1_227' title='bbox 1025 2316 1122 2357; x_wconf 89' lang='lat' dir='ltr'>aliis</span> <span class='ocrx_word' id='word_1_228' title='bbox 1156 2315 1212 2357; x_wconf 88' lang='lat' dir='ltr'>ad</span> <span class='ocrx_word' id='word_1_229' title='bbox 1246 2330 1395 2365; x_wconf 72' lang='lat' dir='ltr'>unam,</span> <span class='ocrx_word' id='word_1_230' title='bbox 1431 2315 1528 2357; x_wconf 86' lang='lat' dir='ltr'>aliis</span> <span class='ocrx_word' id='word_1_231' title='bbox 1561 2316 1617 2357; x_wconf 92' lang='lat' dir='ltr'>ad</span> <span class='ocrx_word' id='word_1_232' title='bbox 1650 2316 1750 2358; x_wconf 87' lang='lat' dir='ltr'>alte-</span> 
     </span>
     <span class='ocr_line' id='line_1_32' title="bbox 188 2387 1747 2442; baseline 0.002 -17"><span class='ocrx_word' id='word_1_233' title='bbox 188 2401 278 2427; x_wconf 78' lang='lat' dir='ltr'>ram</span> <span class='ocrx_word' id='word_1_234' title='bbox 328 2387 537 2441; x_wconf 77' lang='lat' dir='ltr'>paginam</span> <span class='ocrx_word' id='word_1_235' title='bbox 582 2387 825 2441; x_wconf 83' lang='lat' dir='ltr'>ejiciendis.</span> <span class='ocrx_word' id='word_1_236' title='bbox 890 2387 1021 2429; x_wconf 89' lang='lat' dir='ltr'>Hanc</span> <span class='ocrx_word' id='word_1_237' title='bbox 1055 2391 1324 2429; x_wconf 86' lang='lat' dir='ltr'>structuram</span> <span class='ocrx_word' id='word_1_238' title='bbox 1358 2387 1444 2429; x_wconf 89' lang='lat' dir='ltr'>sori</span> <span class='ocrx_word' id='word_1_239' title='bbox 1478 2387 1747 2442; x_wconf 85' lang='lat' dir='ltr'>quibusdam</span> 
     </span>
     <span class='ocr_line' id='line_1_33' title="bbox 191 2457 1750 2514; baseline 0.003 -18"><span class='ocrx_word' id='word_1_240' title='bbox 191 2457 471 2500; x_wconf 68' lang='lat' dir='ltr'>Dolesserieis</span> <span class='ocrx_word' id='word_1_241' title='bbox 530 2459 725 2514; x_wconf 70' lang='lat' dir='ltr'>typicam</span> <span class='ocrx_word' id='word_1_242' title='bbox 787 2460 1087 2512; x_wconf 49' lang='lat' dir='ltr'>(Hespoylaqso,</span> <span class='ocrx_word' id='word_1_243' title='bbox 1150 2459 1397 2512; x_wconf 67' lang='lat' dir='ltr'>A1›09l0.s›so‚</span> <span class='ocrx_word' id='word_1_244' title='bbox 1460 2459 1750 2513; x_wconf 52' lang='lat' dir='ltr'>Hewmfwamre)</span> 
     </span>
     <span class='ocr_line' id='line_1_34' title="bbox 183 2527 392 2581; baseline 0.014 -14"><span class='ocrx_word' id='word_1_245' title='bbox 183 2527 392 2581; x_wconf 70' lang='lat' dir='ltr'>judicavi.</span> 
     </span>
    </p>

    <p class='ocr_par' dir='ltr' id='par_1_5' title="bbox 185 2599 1748 2941">
     <span class='ocr_line' id='line_1_35' title="bbox 325 2599 1748 2651; baseline 0.001 -12"><span class='ocrx_word' id='word_1_246' title='bbox 325 2599 374 2639; x_wconf 82' lang='lat' dir='ltr'>ln</span> <span class='ocrx_word' id='word_1_247' title='bbox 410 2600 502 2641; x_wconf 78' lang='lat' dir='ltr'>Del.</span> <span class='ocrx_word' id='word_1_248' title='bbox 535 2601 804 2651; x_wconf 70' lang='lat' dir='ltr'>Tasmanica,</span> <span class='ocrx_word' id='word_1_249' title='bbox 841 2605 1091 2643; x_wconf 84' lang='lat' dir='ltr'>transverse</span> <span class='ocrx_word' id='word_1_250' title='bbox 1115 2604 1245 2650; x_wconf 81' lang='lat' dir='ltr'>secta,</span> <span class='ocrx_word' id='word_1_251' title='bbox 1271 2600 1360 2643; x_wconf 88' lang='lat' dir='ltr'>vidi</span> <span class='ocrx_word' id='word_1_252' title='bbox 1388 2600 1557 2642; x_wconf 77' lang='lat' dir='ltr'>frondis</span> <span class='ocrx_word' id='word_1_253' title='bbox 1580 2604 1748 2642; x_wconf 87' lang='lat' dir='ltr'>costam</span> 
     </span>
     <span class='ocr_line' id='line_1_36' title="bbox 186 2670 1748 2726; baseline 0.003 -18"><span class='ocrx_word' id='word_1_254' title='bbox 186 2670 379 2710; x_wconf 73' lang='lat' dir='ltr'>validam</span> <span class='ocrx_word' id='word_1_255' title='bbox 415 2676 670 2713; x_wconf 81' lang='lat' dir='ltr'>contextam</span> <span class='ocrx_word' id='word_1_256' title='bbox 706 2673 837 2714; x_wconf 81' lang='lat' dir='ltr'>unica</span> <span class='ocrx_word' id='word_1_257' title='bbox 872 2673 983 2714; x_wconf 86' lang='lat' dir='ltr'>serie</span> <span class='ocrx_word' id='word_1_258' title='bbox 1016 2672 1225 2714; x_wconf 83' lang='lat' dir='ltr'>interiore</span> <span class='ocrx_word' id='word_1_259' title='bbox 1258 2671 1531 2721; x_wconf 88' lang='lat' dir='ltr'>cellularum,</span> <span class='ocrx_word' id='word_1_260' title='bbox 1567 2686 1667 2726; x_wconf 59' lang='lat' dir='ltr'>quse</span> <span class='ocrx_word' id='word_1_261' title='bbox 1692 2671 1748 2712; x_wconf 88' lang='lat' dir='ltr'>ab</span> 
     </span>
     <span class='ocr_line' id='line_1_37' title="bbox 186 2742 1746 2794; baseline 0.003 -16"><span class='ocrx_word' id='word_1_262' title='bbox 186 2754 273 2779; x_wconf 73' lang='lat' dir='ltr'>uno</span> <span class='ocrx_word' id='word_1_263' title='bbox 323 2742 522 2793; x_wconf 74' lang='lat' dir='ltr'>margine</span> <span class='ocrx_word' id='word_1_264' title='bbox 571 2743 759 2784; x_wconf 83' lang='lat' dir='ltr'>alterum</span> <span class='ocrx_word' id='word_1_265' title='bbox 811 2758 966 2786; x_wconf 87' lang='lat' dir='ltr'>versus</span> <span class='ocrx_word' id='word_1_266' title='bbox 1014 2747 1279 2794; x_wconf 86' lang='lat' dir='ltr'>excur1·unt;</span> <span class='ocrx_word' id='word_1_267' title='bbox 1329 2747 1454 2784; x_wconf 83' lang='lat' dir='ltr'>extra</span> <span class='ocrx_word' id='word_1_268' title='bbox 1495 2742 1574 2784; x_wconf 89' lang='lat' dir='ltr'>has</span> <span class='ocrx_word' id='word_1_269' title='bbox 1608 2747 1746 2784; x_wconf 87' lang='lat' dir='ltr'>totam</span> 
     </span>
     <span class='ocr_line' id='line_1_38' title="bbox 185 2811 1745 2867; baseline 0.003 -18"><span class='ocrx_word' id='word_1_270' title='bbox 185 2811 444 2852; x_wconf 57' lang='lat' dir='ltr'>exteriorem</span> <span class='ocrx_word' id='word_1_271' title='bbox 490 2819 659 2867; x_wconf 85' lang='lat' dir='ltr'>partem</span> <span class='ocrx_word' id='word_1_272' title='bbox 705 2819 836 2855; x_wconf 71' lang='lat' dir='ltr'>costze</span> <span class='ocrx_word' id='word_1_273' title='bbox 869 2814 1029 2857; x_wconf 63' lang='lat' dir='ltr'>valida&gt;</span> <span class='ocrx_word' id='word_1_274' title='bbox 1062 2819 1263 2856; x_wconf 88' lang='lat' dir='ltr'>constare</span> <span class='ocrx_word' id='word_1_275' title='bbox 1296 2813 1464 2855; x_wconf 91' lang='lat' dir='ltr'>cellulis</span> <span class='ocrx_word' id='word_1_276' title='bbox 1497 2813 1637 2854; x_wconf 88' lang='lat' dir='ltr'>multo</span> <span class='ocrx_word' id='word_1_277' title='bbox 1670 2813 1745 2854; x_wconf 92' lang='lat' dir='ltr'>mi·</span> 
     </span>
     <span class='ocr_line' id='line_1_39' title="bbox 189 2880 1745 2941; baseline 0.004 -23"><span class='ocrx_word' id='word_1_278' title='bbox 189 2880 383 2930; x_wconf 73' lang='lat' dir='ltr'>noi-ibus,</span> <span class='ocrx_word' id='word_1_279' title='bbox 421 2883 668 2925; x_wconf 77' lang='lat' dir='ltr'>rotundatis</span> <span class='ocrx_word' id='word_1_280' title='bbox 701 2890 743 2926; x_wconf 84' lang='lat' dir='ltr'>et</span> <span class='ocrx_word' id='word_1_281' title='bbox 776 2886 839 2939; x_wconf 86' lang='lat' dir='ltr'>(ut</span> <span class='ocrx_word' id='word_1_282' title='bbox 861 2885 971 2926; x_wconf 87' lang='lat' dir='ltr'>mihi</span> <span class='ocrx_word' id='word_1_283' title='bbox 995 2885 1217 2941; x_wconf 83' lang='lat' dir='ltr'>adparuit)</span> <span class='ocrx_word' id='word_1_284' title='bbox 1240 2884 1575 2926; x_wconf 69' lang='lat' dir='ltr'>slternantibus.</span> <span class='ocrx_word' id='word_1_285' title='bbox 1626 2884 1745 2925; x_wconf 89' lang='lat' dir='ltr'>Hinc</span> 
     </span>
    </p>
   </div>
  </div>
 </body>
</html>
