<?xml version="1.0" encoding="UTF-8"?>
<!DOCTYPE html PUBLIC "-//W3C//DTD XHTML 1.0 Transitional//EN"
    "http://www.w3.org/TR/xhtml1/DTD/xhtml1-transitional.dtd">
<html xmlns="http://www.w3.org/1999/xhtml" xml:lang="en" lang="en">
 <head>
  <title>
</title>
<meta http-equiv="Content-Type" content="text/html;charset=utf-8" />
  <meta name='ocr-system' content='tesseract 3.04.00' />
  <meta name='ocr-capabilities' content='ocr_page ocr_carea ocr_par ocr_line ocrx_word'/>
</head>
<body>
  <div class='ocr_page' id='page_1' title='image "./speciesgeneraeto0303agar_0085.png"; bbox 0 0 1875 3116; ppageno 0'>
   <div class='ocr_carea' id='block_1_1' title="bbox 86 95 1647 150">
    <p class='ocr_par' dir='ltr' id='par_1_1' title="bbox 86 95 1647 150">
     <span class='ocr_line' id='line_1_1' title="bbox 86 95 1647 150; baseline -0.001 -11"><span class='ocrx_word' id='word_1_1' title='bbox 86 97 388 150; x_wconf 71' lang='lat' dir='ltr'>Nz&#39;tophyllum.</span> <span class='ocrx_word' id='word_1_2' title='bbox 685 95 1047 138; x_wconf 72' lang='lat' dir='ltr'><strong>NITOPHYLLEAE.</strong></span> <span class='ocrx_word' id='word_1_3' title='bbox 1598 98 1647 138; x_wconf 79' lang='lat'>71</span> 
     </span>
    </p>
   </div>
   <div class='ocr_carea' id='block_1_2' title="bbox 79 215 1651 1795">
    <p class='ocr_par' dir='ltr' id='par_1_2' title="bbox 79 215 1651 1795">
     <span class='ocr_line' id='line_1_2' title="bbox 84 215 1648 258; baseline -0.001 -8"><span class='ocrx_word' id='word_1_4' title='bbox 84 219 121 250; x_wconf 88' lang='lat' dir='ltr'>et</span> <span class='ocrx_word' id='word_1_5' title='bbox 158 216 240 258; x_wconf 87' lang='lat' dir='ltr'>ipso</span> <span class='ocrx_word' id='word_1_6' title='bbox 277 216 359 248; x_wconf 88' lang='lat' dir='ltr'>loco</span> <span class='ocrx_word' id='word_1_7' title='bbox 397 216 511 249; x_wconf 83' lang='lat' dir='ltr'>natali</span> <span class='ocrx_word' id='word_1_8' title='bbox 550 216 696 256; x_wconf 81' lang='lat' dir='ltr'>ductus,</span> <span class='ocrx_word' id='word_1_9' title='bbox 734 215 824 248; x_wconf 82' lang='lat' dir='ltr'>mihi</span> <span class='ocrx_word' id='word_1_10' title='bbox 852 216 1004 249; x_wconf 83' lang='lat' dir='ltr'>demum</span> <span class='ocrx_word' id='word_1_11' title='bbox 1033 215 1191 258; x_wconf 78' lang='lat' dir='ltr'>contigit</span> <span class='ocrx_word' id='word_1_12' title='bbox 1217 226 1437 258; x_wconf 60' lang='lat' dir='ltr'>c‹‘›1nparare</span> <span class='ocrx_word' id='word_1_13' title='bbox 1464 215 1648 258; x_wconf 66' lang='lat' dir='ltr'>plantarii,</span> 
     </span>
     <span class='ocr_line' id='line_1_3' title="bbox 83 275 1649 318; baseline -0.001 -9"><span class='ocrx_word' id='word_1_14' title='bbox 83 286 193 318; x_wconf 80' lang='lat' dir='ltr'>quam</span> <span class='ocrx_word' id='word_1_15' title='bbox 234 286 279 308; x_wconf 87' lang='lat' dir='ltr'>ex</span> <span class='ocrx_word' id='word_1_16' title='bbox 320 275 388 308; x_wconf 84' lang='lat' dir='ltr'>Rio</span> <span class='ocrx_word' id='word_1_17' title='bbox 420 275 467 308; x_wconf 84' lang='lat' dir='ltr'>de</span> <span class='ocrx_word' id='word_1_18' title='bbox 496 276 532 308; x_wconf 85' lang='lat' dir='ltr'>la</span> <span class='ocrx_word' id='word_1_19' title='bbox 557 276 663 309; x_wconf 83' lang='lat' dir='ltr'>Plata</span> <span class='ocrx_word' id='word_1_20' title='bbox 688 275 1014 309; x_wconf 84' lang='lat' dir='ltr'>determinandam</span> <span class='ocrx_word' id='word_1_21' title='bbox 1042 275 1168 317; x_wconf 86' lang='lat' dir='ltr'>habui,</span> <span class='ocrx_word' id='word_1_22' title='bbox 1196 287 1281 309; x_wconf 85' lang='lat' dir='ltr'>cum</span> <span class='ocrx_word' id='word_1_23' title='bbox 1312 276 1526 318; x_wconf 85' lang='lat' dir='ltr'>fragmento</span> <span class='ocrx_word' id='word_1_24' title='bbox 1556 275 1649 308; x_wconf 91' lang='lat' dir='ltr'>mihi</span> 
     </span>
     <span class='ocr_line' id='line_1_4' title="bbox 83 335 1648 378; baseline -0.001 -10"><span class='ocrx_word' id='word_1_25' title='bbox 83 336 170 369; x_wconf 86' lang='lat' dir='ltr'>olim</span> <span class='ocrx_word' id='word_1_26' title='bbox 198 336 295 375; x_wconf 83' lang='lat' dir='ltr'>dato,</span> <span class='ocrx_word' id='word_1_27' title='bbox 323 335 370 368; x_wconf 79' lang='lat' dir='ltr'>ab</span> <span class='ocrx_word' id='word_1_28' title='bbox 397 335 479 378; x_wconf 76' lang='lat' dir='ltr'>ipso</span> <span class='ocrx_word' id='word_1_29' title='bbox 505 335 712 378; x_wconf 72' lang='lat' dir='ltr'>specimine</span> <span class='ocrx_word' id='word_1_30' title='bbox 739 346 758 368; x_wconf 87' lang='lat' dir='ltr'>a</span> <span class='ocrx_word' id='word_1_31' title='bbox 785 336 948 369; x_wconf 82' lang='lat' dir='ltr'>Greville</span> <span class='ocrx_word' id='word_1_32' title='bbox 969 335 1157 378; x_wconf 81' lang='lat' dir='ltr'>descripto</span> <span class='ocrx_word' id='word_1_33' title='bbox 1176 336 1392 378; x_wconf 73' lang='lat' dir='ltr'>desumpto,</span> <span class='ocrx_word' id='word_1_34' title='bbox 1434 336 1515 368; x_wconf 85' lang='lat' dir='ltr'>Hoc</span> <span class='ocrx_word' id='word_1_35' title='bbox 1536 335 1648 368; x_wconf 87' lang='lat' dir='ltr'>modo</span> 
     </span>
     <span class='ocr_line' id='line_1_5' title="bbox 84 394 1649 439; baseline -0.001 -11"><span class='ocrx_word' id='word_1_36' title='bbox 84 396 174 429; x_wconf 80' lang='lat' dir='ltr'>milii</span> <span class='ocrx_word' id='word_1_37' title='bbox 202 396 374 439; x_wconf 73' lang='lat' dir='ltr'>adparuit</span> <span class='ocrx_word' id='word_1_38' title='bbox 401 396 564 438; x_wconf 80' lang='lat' dir='ltr'>speciem</span> <span class='ocrx_word' id='word_1_39' title='bbox 600 396 876 429; x_wconf 77' lang='lat' dir='ltr'>Grevilleauam</span> <span class='ocrx_word' id='word_1_40' title='bbox 908 406 1038 429; x_wconf 87' lang='lat' dir='ltr'>revera</span> <span class='ocrx_word' id='word_1_41' title='bbox 1064 395 1267 429; x_wconf 80' lang='lat' dir='ltr'>identicam</span> <span class='ocrx_word' id='word_1_42' title='bbox 1294 406 1377 428; x_wconf 82' lang='lat' dir='ltr'>esse</span> <span class='ocrx_word' id='word_1_43' title='bbox 1405 406 1489 428; x_wconf 92' lang='lat' dir='ltr'>cum</span> <span class='ocrx_word' id='word_1_44' title='bbox 1517 394 1649 437; x_wconf 87' lang='lat' dir='ltr'>specie</span> 
     </span>
     <span class='ocr_line' id='line_1_6' title="bbox 82 452 1650 498; baseline -0.001 -10"><span class='ocrx_word' id='word_1_45' title='bbox 82 459 169 489; x_wconf 80' lang='lat' dir='ltr'>ante</span> <span class='ocrx_word' id='word_1_46' title='bbox 196 455 320 497; x_wconf 88' lang='lat' dir='ltr'>plures</span> <span class='ocrx_word' id='word_1_47' title='bbox 348 465 466 487; x_wconf 81' lang='lat' dir='ltr'>annos</span> <span class='ocrx_word' id='word_1_48' title='bbox 494 465 515 488; x_wconf 88' lang='lat' dir='ltr'>a</span> <span class='ocrx_word' id='word_1_49' title='bbox 542 465 601 487; x_wconf 90' lang='lat' dir='ltr'>me</span> <span class='ocrx_word' id='word_1_50' title='bbox 619 454 811 497; x_wconf 81' lang='lat' dir='ltr'>inscripta,</span> <span class='ocrx_word' id='word_1_51' title='bbox 831 454 983 487; x_wconf 88' lang='lat' dir='ltr'>nominc</span> <span class='ocrx_word' id='word_1_52' title='bbox 1003 453 1048 488; x_wconf 84' lang='lat' dir='ltr'>N.</span> <span class='ocrx_word' id='word_1_53' title='bbox 1071 453 1353 498; x_wconf 77' lang='lat' dir='ltr'>Oalophylloides</span> <span class='ocrx_word' id='word_1_54' title='bbox 1373 453 1430 496; x_wconf 81' lang='lat' dir='ltr'>(J.</span> <span class='ocrx_word' id='word_1_55' title='bbox 1452 453 1520 497; x_wconf 74' lang='lat' dir='ltr'>Ay.</span> <span class='ocrx_word' id='word_1_56' title='bbox 1541 452 1650 486; x_wconf 66' lang='lat' dir='ltr'>Bidr.</span> 
     </span>
     <span class='ocr_line' id='line_1_7' title="bbox 83 512 1651 557; baseline -0.001 -10"><span class='ocrx_word' id='word_1_57' title='bbox 83 514 162 557; x_wconf 68' lang='lat' dir='ltr'>Azy.</span> <span class='ocrx_word' id='word_1_58' title='bbox 191 512 281 556; x_wconf 62' lang='lat' dir='ltr'>Sys-t.</span> <span class='ocrx_word' id='word_1_59' title='bbox 310 512 376 546; x_wconf 82' lang='lat' dir='ltr'>JV.</span> <span class='ocrx_word' id='word_1_60' title='bbox 400 524 437 556; x_wconf 77' lang='lat' dir='ltr'>p.</span> <span class='ocrx_word' id='word_1_61' title='bbox 467 513 543 556; x_wconf 73' lang='lat'><em>(58).</em></span> <span class='ocrx_word' id='word_1_62' title='bbox 594 514 688 546; x_wconf 77' lang='lat' dir='ltr'>Mihi</span> <span class='ocrx_word' id='word_1_63' title='bbox 717 513 828 546; x_wconf 74' lang='lat' dir='ltr'>hodie</span> <span class='ocrx_word' id='word_1_64' title='bbox 856 514 952 546; x_wconf 85' lang='lat' dir='ltr'>hanc</span> <span class='ocrx_word' id='word_1_65' title='bbox 978 513 1145 556; x_wconf 84' lang='lat' dir='ltr'>speciem</span> <span class='ocrx_word' id='word_1_66' title='bbox 1179 513 1415 555; x_wconf 75' lang='lat' dir='ltr'>comparanti</span> <span class='ocrx_word' id='word_1_67' title='bbox 1447 524 1533 546; x_wconf 91' lang='lat' dir='ltr'>cum</span> <span class='ocrx_word' id='word_1_68' title='bbox 1560 512 1651 546; x_wconf 90' lang='lat' dir='ltr'>mul-</span> 
     </span>
     <span class='ocr_line' id='line_1_8' title="bbox 82 572 1649 615; baseline -0.001 -9"><span class='ocrx_word' id='word_1_69' title='bbox 82 574 130 606; x_wconf 85' lang='lat' dir='ltr'>tis</span> <span class='ocrx_word' id='word_1_70' title='bbox 169 573 251 606; x_wconf 88' lang='lat' dir='ltr'>aliis</span> <span class='ocrx_word' id='word_1_71' title='bbox 289 573 447 606; x_wconf 71' lang='lat' dir='ltr'>candem</span> <span class='ocrx_word' id='word_1_72' title='bbox 487 572 706 615; x_wconf 72' lang='lat' dir='ltr'>adparuisse</span> <span class='ocrx_word' id='word_1_73' title='bbox 744 572 844 605; x_wconf 86' lang='lat' dir='ltr'>notis</span> <span class='ocrx_word' id='word_1_74' title='bbox 889 572 1146 605; x_wconf 85' lang='lat' dir='ltr'>habitualibus</span> <span class='ocrx_word' id='word_1_75' title='bbox 1190 572 1482 615; x_wconf 84' lang='lat' dir='ltr'>(ramificatione</span> <span class='ocrx_word' id='word_1_76' title='bbox 1523 575 1649 605; x_wconf 86' lang='lat' dir='ltr'>tamen</span> 
     </span>
     <span class='ocr_line' id='line_1_9' title="bbox 82 630 1648 675; baseline -0.001 -10"><span class='ocrx_word' id='word_1_77' title='bbox 82 633 201 673; x_wconf 74' lang='lat' dir='ltr'>magis</span> <span class='ocrx_word' id='word_1_78' title='bbox 239 632 426 675; x_wconf 77' lang='lat' dir='ltr'>pinnatim</span> <span class='ocrx_word' id='word_1_79' title='bbox 465 631 735 674; x_wconf 74' lang='lat' dir='ltr'>decomposita)</span> <span class='ocrx_word' id='word_1_80' title='bbox 772 631 817 664; x_wconf 91' lang='lat' dir='ltr'>ad</span> <span class='ocrx_word' id='word_1_81' title='bbox 856 630 902 664; x_wconf 89' lang='lat' dir='ltr'>N.</span> <span class='ocrx_word' id='word_1_82' title='bbox 929 630 1046 675; x_wconf 72' lang='lat' dir='ltr'>affine</span> <span class='ocrx_word' id='word_1_83' title='bbox 1084 632 1211 664; x_wconf 82' lang='lat' dir='ltr'>forsan</span> <span class='ocrx_word' id='word_1_84' title='bbox 1250 632 1423 674; x_wconf 76' lang='lat' dir='ltr'>proxime</span> <span class='ocrx_word' id='word_1_85' title='bbox 1451 631 1648 670; x_wconf 74' lang='lat' dir='ltr'>accedere3</span> 
     </span>
     <span class='ocr_line' id='line_1_10' title="bbox 82 690 1649 734; baseline -0.001 -9"><span class='ocrx_word' id='word_1_86' title='bbox 82 703 164 725; x_wconf 73' lang='lat' dir='ltr'>cum</span> <span class='ocrx_word' id='word_1_87' title='bbox 193 702 266 734; x_wconf 77' lang='lat' dir='ltr'>quo</span> <span class='ocrx_word' id='word_1_88' title='bbox 293 691 387 724; x_wconf 79' lang='lat' dir='ltr'>soris</span> <span class='ocrx_word' id='word_1_89' title='bbox 415 694 451 724; x_wconf 77' lang='lat' dir='ltr'>et</span> <span class='ocrx_word' id='word_1_90' title='bbox 476 691 725 734; x_wconf 77' lang='lat' dir='ltr'>dispositione</span> <span class='ocrx_word' id='word_1_91' title='bbox 752 694 789 724; x_wconf 91' lang='lat' dir='ltr'>et</span> <span class='ocrx_word' id='word_1_92' title='bbox 815 692 936 723; x_wconf 73' lang='lat' dir='ltr'>forma</span> <span class='ocrx_word' id='word_1_93' title='bbox 964 690 1204 733; x_wconf 71' lang='lat' dir='ltr'>potissima-n</span> <span class='ocrx_word' id='word_1_94' title='bbox 1242 691 1444 725; x_wconf 78' lang='lat' dir='ltr'>convenire</span> <span class='ocrx_word' id='word_1_95' title='bbox 1472 691 1649 732; x_wconf 80' lang='lat' dir='ltr'>dicerem,</span> 
     </span>
     <span class='ocr_line' id='line_1_11' title="bbox 81 750 1647 793; baseline -0.001 -9"><span class='ocrx_word' id='word_1_96' title='bbox 81 762 308 793; x_wconf 84' lang='lat' dir='ltr'>quamquam</span> <span class='ocrx_word' id='word_1_97' title='bbox 335 761 440 783; x_wconf 81' lang='lat' dir='ltr'>soros</span> <span class='ocrx_word' id='word_1_98' title='bbox 467 750 579 793; x_wconf 85' lang='lat' dir='ltr'>paulo</span> <span class='ocrx_word' id='word_1_99' title='bbox 606 750 768 792; x_wconf 83' lang='lat' dir='ltr'>majores</span> <span class='ocrx_word' id='word_1_100' title='bbox 796 752 832 783; x_wconf 84' lang='lat' dir='ltr'>et</span> <span class='ocrx_word' id='word_1_101' title='bbox 858 752 916 783; x_wconf 67' lang='lat' dir='ltr'>sat</span> <span class='ocrx_word' id='word_1_102' title='bbox 942 750 1146 792; x_wconf 79' lang='lat' dir='ltr'>conspicue</span> <span class='ocrx_word' id='word_1_103' title='bbox 1173 750 1364 790; x_wconf 78' lang='lat' dir='ltr'>ocellatos,</span> <span class='ocrx_word' id='word_1_104' title='bbox 1396 750 1496 783; x_wconf 79' lang='lat' dir='ltr'>infra</span> <span class='ocrx_word' id='word_1_105' title='bbox 1522 750 1647 793; x_wconf 78' lang='lat' dir='ltr'>apices</span> 
     </span>
     <span class='ocr_line' id='line_1_12' title="bbox 81 808 1650 852; baseline 0 -9"><span class='ocrx_word' id='word_1_106' title='bbox 81 811 251 843; x_wconf 87' lang='lat' dir='ltr'>loborum</span> <span class='ocrx_word' id='word_1_107' title='bbox 284 810 538 843; x_wconf 73' lang='lat' dir='ltr'>terminalium</span> <span class='ocrx_word' id='word_1_108' title='bbox 576 820 716 852; x_wconf 86' lang='lat' dir='ltr'>paucos</span> <span class='ocrx_word' id='word_1_109' title='bbox 743 812 780 843; x_wconf 87' lang='lat' dir='ltr'>et</span> <span class='ocrx_word' id='word_1_110' title='bbox 805 820 957 852; x_wconf 87' lang='lat' dir='ltr'>sparsos</span> <span class='ocrx_word' id='word_1_111' title='bbox 984 809 1159 843; x_wconf 82' lang='lat' dir='ltr'>dicerem.</span> <span class='ocrx_word' id='word_1_112' title='bbox 1213 810 1312 843; x_wconf 87' lang='lat' dir='ltr'>Hinc</span> <span class='ocrx_word' id='word_1_113' title='bbox 1340 821 1408 843; x_wconf 84' lang='lat' dir='ltr'>nec</span> <span class='ocrx_word' id='word_1_114' title='bbox 1435 808 1650 843; x_wconf 67' lang='lat' dir='ltr'>Daaeosontis</span> 
     </span>
     <span class='ocr_line' id='line_1_13' title="bbox 81 868 1649 912; baseline -0.001 -9"><span class='ocrx_word' id='word_1_115' title='bbox 81 881 149 903; x_wconf 85' lang='lat' dir='ltr'>nec</span> <span class='ocrx_word' id='word_1_116' title='bbox 188 868 449 912; x_wconf 62' lang='lat' dir='ltr'>Botryoqlossz‘s</span> <span class='ocrx_word' id='word_1_117' title='bbox 486 869 649 912; x_wconf 83' lang='lat' dir='ltr'>speciem</span> <span class='ocrx_word' id='word_1_118' title='bbox 686 868 1024 911; x_wconf 84' lang='lat' dir='ltr'>adproximandam</span> <span class='ocrx_word' id='word_1_119' title='bbox 1060 879 1143 901; x_wconf 88' lang='lat' dir='ltr'>esse</span> <span class='ocrx_word' id='word_1_120' title='bbox 1169 868 1295 902; x_wconf 85' lang='lat' dir='ltr'>didici.</span> <span class='ocrx_word' id='word_1_121' title='bbox 1346 869 1533 911; x_wconf 84' lang='lat' dir='ltr'>(Speciem</span> <span class='ocrx_word' id='word_1_122' title='bbox 1563 869 1649 902; x_wconf 87' lang='lat' dir='ltr'>Gre-</span> 
     </span>
     <span class='ocr_line' id='line_1_14' title="bbox 81 927 1645 971; baseline -0.001 -9"><span class='ocrx_word' id='word_1_123' title='bbox 81 929 281 963; x_wconf 82' lang='lat' dir='ltr'>villeanam</span> <span class='ocrx_word' id='word_1_124' title='bbox 316 929 397 971; x_wconf 85' lang='lat' dir='ltr'>ipse</span> <span class='ocrx_word' id='word_1_125' title='bbox 424 931 534 962; x_wconf 86' lang='lat' dir='ltr'>antea</span> <span class='ocrx_word' id='word_1_126' title='bbox 560 929 658 961; x_wconf 79' lang='lat' dir='ltr'>infra</span> <span class='ocrx_word' id='word_1_127' title='bbox 685 927 760 961; x_wconf 70' lang='lat' dir='ltr'>Nit.</span> <span class='ocrx_word' id='word_1_128' title='bbox 787 927 985 961; x_wconf 74' lang='lat' dir='ltr'>laceratum</span> <span class='ocrx_word' id='word_1_129' title='bbox 1011 928 1246 967; x_wconf 71' lang='lat' dir='ltr'>enumeravi3</span> <span class='ocrx_word' id='word_1_130' title='bbox 1290 928 1457 970; x_wconf 80' lang='lat' dir='ltr'>Kutzing</span> <span class='ocrx_word' id='word_1_131' title='bbox 1484 928 1645 961; x_wconf 88' lang='lat' dir='ltr'>eandem</span> 
     </span>
     <span class='ocr_line' id='line_1_15' title="bbox 79 986 1643 1031; baseline 0 -10"><span class='ocrx_word' id='word_1_132' title='bbox 79 989 186 1031; x_wconf 84' lang='lat' dir='ltr'>juxta</span> <span class='ocrx_word' id='word_1_133' title='bbox 226 987 461 1022; x_wconf 78' lang='lat' dir='ltr'>Dawsoniam</span> <span class='ocrx_word' id='word_1_134' title='bbox 499 987 683 1021; x_wconf 65' lang='lat' dir='ltr'>Dru-oillei</span> <span class='ocrx_word' id='word_1_135' title='bbox 720 986 932 1030; x_wconf 75' lang='lat' dir='ltr'>disposuit.)</span> <span class='ocrx_word' id='word_1_136' title='bbox 982 988 1095 1020; x_wconf 86' lang='lat' dir='ltr'>Facta</span> <span class='ocrx_word' id='word_1_137' title='bbox 1120 987 1233 1021; x_wconf 86' lang='lat' dir='ltr'>hodie</span> <span class='ocrx_word' id='word_1_138' title='bbox 1259 987 1428 1021; x_wconf 76' lang='lat' dir='ltr'>sectione</span> <span class='ocrx_word' id='word_1_139' title='bbox 1455 990 1643 1021; x_wconf 86' lang='lat' dir='ltr'>transver-</span> 
     </span>
     <span class='ocr_line' id='line_1_16' title="bbox 79 1046 1651 1090; baseline -0.001 -9"><span class='ocrx_word' id='word_1_140' title='bbox 79 1047 159 1085; x_wconf 82' lang='lat' dir='ltr'>sali.</span> <span class='ocrx_word' id='word_1_141' title='bbox 187 1051 413 1081; x_wconf 80' lang='lat' dir='ltr'>structuram</span> <span class='ocrx_word' id='word_1_142' title='bbox 440 1047 585 1080; x_wconf 76' lang='lat' dir='ltr'>frondis</span> <span class='ocrx_word' id='word_1_143' title='bbox 612 1058 697 1081; x_wconf 88' lang='lat' dir='ltr'>cum</span> <span class='ocrx_word' id='word_1_144' title='bbox 725 1047 856 1090; x_wconf 83' lang='lat' dir='ltr'>Specie</span> <span class='ocrx_word' id='word_1_145' title='bbox 884 1058 972 1081; x_wconf 82' lang='lat' dir='ltr'>mox</span> <span class='ocrx_word' id='word_1_146' title='bbox 998 1058 1114 1090; x_wconf 87' lang='lat' dir='ltr'>supra</span> <span class='ocrx_word' id='word_1_147' title='bbox 1140 1047 1331 1089; x_wconf 85' lang='lat' dir='ltr'>descripta</span> <span class='ocrx_word' id='word_1_148' title='bbox 1349 1046 1416 1089; x_wconf 81' lang='lat' dir='ltr'>(N.</span> <span class='ocrx_word' id='word_1_149' title='bbox 1433 1047 1651 1089; x_wconf 79' lang='lat' dir='ltr'>caulescens)</span> 
     </span>
     <span class='ocr_line' id='line_1_17' title="bbox 80 1107 1649 1149; baseline -0.001 -8"><span class='ocrx_word' id='word_1_150' title='bbox 80 1111 166 1142; x_wconf 88' lang='lat' dir='ltr'>ante</span> <span class='ocrx_word' id='word_1_151' title='bbox 205 1107 296 1140; x_wconf 86' lang='lat' dir='ltr'>alias</span> <span class='ocrx_word' id='word_1_152' title='bbox 335 1107 624 1141; x_wconf 85' lang='lat' dir='ltr'>convenientem</span> <span class='ocrx_word' id='word_1_153' title='bbox 664 1107 865 1141; x_wconf 84' lang='lat' dir='ltr'>observare</span> <span class='ocrx_word' id='word_1_154' title='bbox 904 1107 1056 1140; x_wconf 82' lang='lat' dir='ltr'>credidi.</span> <span class='ocrx_word' id='word_1_155' title='bbox 1108 1107 1195 1141; x_wconf 88' lang='lat' dir='ltr'>Vidi</span> <span class='ocrx_word' id='word_1_156' title='bbox 1236 1107 1417 1140; x_wconf 86' lang='lat' dir='ltr'>costalem</span> <span class='ocrx_word' id='word_1_157' title='bbox 1456 1107 1649 1149; x_wconf 78' lang='lat' dir='ltr'>regionem</span> 
     </span>
     <span class='ocr_line' id='line_1_18' title="bbox 80 1166 1648 1209; baseline -0.001 -9"><span class='ocrx_word' id='word_1_158' title='bbox 80 1168 336 1207; x_wconf 71' lang='lat' dir='ltr'>incrassatam,</span> <span class='ocrx_word' id='word_1_159' title='bbox 364 1166 508 1199; x_wconf 85' lang='lat' dir='ltr'>cellulis</span> <span class='ocrx_word' id='word_1_160' title='bbox 535 1177 672 1209; x_wconf 84' lang='lat' dir='ltr'>nempe</span> <span class='ocrx_word' id='word_1_161' title='bbox 698 1166 950 1209; x_wconf 68' lang='lat' dir='ltr'>superpositis</span> <span class='ocrx_word' id='word_1_162' title='bbox 977 1166 1150 1209; x_wconf 90' lang='lat' dir='ltr'>plurimis</span> <span class='ocrx_word' id='word_1_163' title='bbox 1179 1168 1408 1208; x_wconf 79' lang='lat' dir='ltr'>contextam,</span> <span class='ocrx_word' id='word_1_164' title='bbox 1437 1166 1500 1200; x_wconf 85' lang='lat' dir='ltr'>vix</span> <span class='ocrx_word' id='word_1_165' title='bbox 1520 1168 1648 1199; x_wconf 85' lang='lat' dir='ltr'>tamen</span> 
     </span>
     <span class='ocr_line' id='line_1_19' title="bbox 80 1225 1646 1269; baseline -0.001 -9"><span class='ocrx_word' id='word_1_166' title='bbox 80 1230 180 1260; x_wconf 82' lang='lat' dir='ltr'>certo</span> <span class='ocrx_word' id='word_1_167' title='bbox 218 1226 337 1259; x_wconf 86' lang='lat' dir='ltr'>limite</span> <span class='ocrx_word' id='word_1_168' title='bbox 376 1226 414 1259; x_wconf 92' lang='lat' dir='ltr'>in</span> <span class='ocrx_word' id='word_1_169' title='bbox 452 1226 629 1269; x_wconf 68' lang='lat' dir='ltr'>paginam</span> <span class='ocrx_word' id='word_1_170' title='bbox 662 1226 806 1260; x_wconf 85' lang='lat' dir='ltr'>frondis</span> <span class='ocrx_word' id='word_1_171' title='bbox 833 1226 1047 1259; x_wconf 88' lang='lat' dir='ltr'>abeuntem.</span> <span class='ocrx_word' id='word_1_172' title='bbox 1100 1227 1345 1268; x_wconf 82' lang='lat' dir='ltr'>Segmentum</span> <span class='ocrx_word' id='word_1_173' title='bbox 1373 1225 1554 1259; x_wconf 88' lang='lat' dir='ltr'>nimirum</span> <span class='ocrx_word' id='word_1_174' title='bbox 1584 1225 1646 1259; x_wconf 92' lang='lat' dir='ltr'>ob-</span> 
     </span>
     <span class='ocr_line' id='line_1_20' title="bbox 80 1285 1646 1327; baseline -0.001 -8"><span class='ocrx_word' id='word_1_175' title='bbox 80 1289 232 1319; x_wconf 88' lang='lat' dir='ltr'>ovatum</span> <span class='ocrx_word' id='word_1_176' title='bbox 272 1286 446 1327; x_wconf 84' lang='lat' dir='ltr'>dicerem,</span> <span class='ocrx_word' id='word_1_177' title='bbox 486 1286 600 1319; x_wconf 86' lang='lat' dir='ltr'>latere</span> <span class='ocrx_word' id='word_1_178' title='bbox 638 1286 846 1319; x_wconf 81' lang='lat' dir='ltr'>incrassato</span> <span class='ocrx_word' id='word_1_179' title='bbox 883 1288 1025 1319; x_wconf 85' lang='lat' dir='ltr'>costam</span> <span class='ocrx_word' id='word_1_180' title='bbox 1060 1285 1279 1326; x_wconf 85' lang='lat' dir='ltr'>mentiente,</span> <span class='ocrx_word' id='word_1_181' title='bbox 1308 1286 1423 1319; x_wconf 79' lang='lat' dir='ltr'>latere</span> <span class='ocrx_word' id='word_1_182' title='bbox 1450 1288 1646 1319; x_wconf 88' lang='lat' dir='ltr'>attenuato</span> 
     </span>
     <span class='ocr_line' id='line_1_21' title="bbox 81 1345 1647 1388; baseline 0 -10"><span class='ocrx_word' id='word_1_183' title='bbox 81 1346 285 1387; x_wconf 78' lang='lat' dir='ltr'>marginem</span> <span class='ocrx_word' id='word_1_184' title='bbox 326 1346 511 1378; x_wconf 81' lang='lat' dir='ltr'>referente</span> <span class='ocrx_word' id='word_1_185' title='bbox 539 1365 581 1368; x_wconf 87' lang='lat'><strong>—</strong></span> <span class='ocrx_word' id='word_1_186' title='bbox 609 1346 718 1388; x_wconf 82' lang='lat' dir='ltr'>quale</span> <span class='ocrx_word' id='word_1_187' title='bbox 757 1345 942 1387; x_wconf 72' lang='lat' dir='ltr'>segmenti</span> <span class='ocrx_word' id='word_1_188' title='bbox 982 1346 1144 1379; x_wconf 78' lang='lat' dir='ltr'>formam</span> <span class='ocrx_word' id='word_1_189' title='bbox 1180 1345 1361 1379; x_wconf 88' lang='lat' dir='ltr'>obvenire</span> <span class='ocrx_word' id='word_1_190' title='bbox 1388 1345 1525 1379; x_wconf 84' lang='lat' dir='ltr'>debere</span> <span class='ocrx_word' id='word_1_191' title='bbox 1553 1345 1647 1378; x_wconf 81' lang='lat' dir='ltr'>finxi</span> 
     </span>
     <span class='ocr_line' id='line_1_22' title="bbox 80 1405 1648 1447; baseline 0.001 -10"><span class='ocrx_word' id='word_1_192' title='bbox 80 1406 117 1438; x_wconf 90' lang='lat' dir='ltr'>in</span> <span class='ocrx_word' id='word_1_193' title='bbox 158 1405 296 1447; x_wconf 81' lang='lat' dir='ltr'>planta,</span> <span class='ocrx_word' id='word_1_194' title='bbox 337 1405 445 1447; x_wconf 81' lang='lat' dir='ltr'>cujus</span> <span class='ocrx_word' id='word_1_195' title='bbox 481 1405 626 1439; x_wconf 66' lang='lat' dir='ltr'>lacinia}</span> <span class='ocrx_word' id='word_1_196' title='bbox 662 1405 892 1439; x_wconf 79' lang='lat' dir='ltr'>alternantes</span> <span class='ocrx_word' id='word_1_197' title='bbox 919 1405 1127 1439; x_wconf 80' lang='lat' dir='ltr'>obveniant</span> <span class='ocrx_word' id='word_1_198' title='bbox 1153 1408 1190 1438; x_wconf 81' lang='lat' dir='ltr'>et</span> <span class='ocrx_word' id='word_1_199' title='bbox 1216 1405 1372 1438; x_wconf 84' lang='lat' dir='ltr'>densius</span> <span class='ocrx_word' id='word_1_200' title='bbox 1399 1405 1648 1447; x_wconf 75' lang='lat' dir='ltr'>superpositae</span> 
     </span>
     <span class='ocr_line' id='line_1_23' title="bbox 81 1464 1647 1507; baseline 0 -10"><span class='ocrx_word' id='word_1_201' title='bbox 81 1465 117 1497; x_wconf 89' lang='lat' dir='ltr'>in</span> <span class='ocrx_word' id='word_1_202' title='bbox 157 1464 262 1497; x_wconf 85' lang='lat' dir='ltr'>caule</span> <span class='ocrx_word' id='word_1_203' title='bbox 301 1466 454 1498; x_wconf 81' lang='lat' dir='ltr'>costato.</span> <span class='ocrx_word' id='word_1_204' title='bbox 510 1464 696 1498; x_wconf 72' lang='lat' dir='ltr'>Caeterum</span> <span class='ocrx_word' id='word_1_205' title='bbox 734 1464 1034 1498; x_wconf 83' lang='lat' dir='ltr'>animadvertere</span> <span class='ocrx_word' id='word_1_206' title='bbox 1073 1465 1197 1507; x_wconf 87' lang='lat' dir='ltr'>placet</span> <span class='ocrx_word' id='word_1_207' title='bbox 1236 1465 1339 1507; x_wconf 86' lang='lat' dir='ltr'>ipsos</span> <span class='ocrx_word' id='word_1_208' title='bbox 1380 1464 1569 1506; x_wconf 82' lang='lat' dir='ltr'>margines</span> <span class='ocrx_word' id='word_1_209' title='bbox 1608 1464 1647 1498; x_wconf 91' lang='lat' dir='ltr'>in</span> 
     </span>
     <span class='ocr_line' id='line_1_24' title="bbox 79 1524 1648 1566; baseline 0.001 -10"><span class='ocrx_word' id='word_1_210' title='bbox 79 1524 266 1566; x_wconf 77' lang='lat' dir='ltr'>ejusmodi</span> <span class='ocrx_word' id='word_1_211' title='bbox 306 1524 434 1566; x_wconf 84' lang='lat' dir='ltr'>planta</span> <span class='ocrx_word' id='word_1_212' title='bbox 472 1524 626 1557; x_wconf 83' lang='lat' dir='ltr'>densius</span> <span class='ocrx_word' id='word_1_213' title='bbox 665 1524 924 1566; x_wconf 80' lang='lat' dir='ltr'>decomposita</span> <span class='ocrx_word' id='word_1_214' title='bbox 957 1524 1137 1557; x_wconf 76' lang='lat' dir='ltr'>obvenire</span> <span class='ocrx_word' id='word_1_215' title='bbox 1170 1524 1308 1557; x_wconf 85' lang='lat' dir='ltr'>debere</span> <span class='ocrx_word' id='word_1_216' title='bbox 1340 1524 1571 1557; x_wconf 82' lang='lat' dir='ltr'>alternanter</span> <span class='ocrx_word' id='word_1_217' title='bbox 1596 1524 1648 1557; x_wconf 90' lang='lat' dir='ltr'>in-</span> 
     </span>
     <span class='ocr_line' id='line_1_25' title="bbox 79 1583 1645 1626; baseline 0.001 -10"><span class='ocrx_word' id='word_1_218' title='bbox 79 1586 265 1617; x_wconf 72' lang='lat' dir='ltr'>crassatos</span> <span class='ocrx_word' id='word_1_219' title='bbox 292 1585 329 1616; x_wconf 86' lang='lat' dir='ltr'>et</span> <span class='ocrx_word' id='word_1_220' title='bbox 355 1585 580 1625; x_wconf 82' lang='lat' dir='ltr'>attenuatos,</span> <span class='ocrx_word' id='word_1_221' title='bbox 610 1586 720 1626; x_wconf 88' lang='lat' dir='ltr'>prout</span> <span class='ocrx_word' id='word_1_222' title='bbox 746 1586 810 1616; x_wconf 88' lang='lat' dir='ltr'>aut</span> <span class='ocrx_word' id='word_1_223' title='bbox 836 1594 911 1616; x_wconf 92' lang='lat' dir='ltr'>uno</span> <span class='ocrx_word' id='word_1_224' title='bbox 938 1586 1003 1616; x_wconf 89' lang='lat' dir='ltr'>aut</span> <span class='ocrx_word' id='word_1_225' title='bbox 1029 1583 1146 1617; x_wconf 88' lang='lat' dir='ltr'>altero</span> <span class='ocrx_word' id='word_1_226' title='bbox 1172 1584 1288 1617; x_wconf 89' lang='lat' dir='ltr'>latere</span> <span class='ocrx_word' id='word_1_227' title='bbox 1308 1583 1482 1626; x_wconf 80' lang='lat' dir='ltr'>proxime</span> <span class='ocrx_word' id='word_1_228' title='bbox 1500 1586 1645 1617; x_wconf 85' lang='lat' dir='ltr'>costam</span> 
     </span>
     <span class='ocr_line' id='line_1_26' title="bbox 79 1641 1646 1686; baseline 0.001 -11"><span class='ocrx_word' id='word_1_229' title='bbox 79 1643 199 1684; x_wconf 80' lang='lat' dir='ltr'>tangit</span> <span class='ocrx_word' id='word_1_230' title='bbox 237 1645 301 1675; x_wconf 85' lang='lat' dir='ltr'>aut</span> <span class='ocrx_word' id='word_1_231' title='bbox 340 1642 524 1675; x_wconf 80' lang='lat' dir='ltr'>laciniam.</span> <span class='ocrx_word' id='word_1_232' title='bbox 577 1643 786 1685; x_wconf 70' lang='lat' dir='ltr'>Specimen,</span> <span class='ocrx_word' id='word_1_233' title='bbox 826 1643 926 1685; x_wconf 81' lang='lat' dir='ltr'>quod</span> <span class='ocrx_word' id='word_1_234' title='bbox 959 1654 1005 1675; x_wconf 82' lang='lat' dir='ltr'>ex</span> <span class='ocrx_word' id='word_1_235' title='bbox 1033 1641 1104 1677; x_wconf 72' lang='lat' dir='ltr'>Rio</span> <span class='ocrx_word' id='word_1_236' title='bbox 1132 1642 1173 1676; x_wconf 81' lang='lat' dir='ltr'>(le</span> <span class='ocrx_word' id='word_1_237' title='bbox 1199 1642 1235 1676; x_wconf 84' lang='lat' dir='ltr'>la</span> <span class='ocrx_word' id='word_1_238' title='bbox 1262 1642 1372 1676; x_wconf 75' lang='lat' dir='ltr'>Plata</span> <span class='ocrx_word' id='word_1_239' title='bbox 1397 1642 1486 1685; x_wconf 83' lang='lat' dir='ltr'>vidi,</span> <span class='ocrx_word' id='word_1_240' title='bbox 1515 1645 1646 1686; x_wconf 85' lang='lat' dir='ltr'>utpote</span> 
     </span>
     <span class='ocr_line' id='line_1_27' title="bbox 80 1702 1645 1745; baseline 0.001 -11"><span class='ocrx_word' id='word_1_241' title='bbox 80 1702 198 1744; x_wconf 76' lang='lat' dir='ltr'>magis</span> <span class='ocrx_word' id='word_1_242' title='bbox 236 1702 414 1743; x_wconf 78' lang='lat' dir='ltr'>juvenile,</span> <span class='ocrx_word' id='word_1_243' title='bbox 455 1702 647 1744; x_wconf 87' lang='lat' dir='ltr'>paulisper</span> <span class='ocrx_word' id='word_1_244' title='bbox 676 1702 928 1744; x_wconf 80' lang='lat' dir='ltr'>gelatinosum</span> <span class='ocrx_word' id='word_1_245' title='bbox 955 1702 1047 1735; x_wconf 80' lang='lat' dir='ltr'>milii</span> <span class='ocrx_word' id='word_1_246' title='bbox 1077 1702 1261 1745; x_wconf 85' lang='lat' dir='ltr'>adparuit,</span> <span class='ocrx_word' id='word_1_247' title='bbox 1290 1703 1390 1745; x_wconf 88' lang='lat' dir='ltr'>quod</span> <span class='ocrx_word' id='word_1_248' title='bbox 1416 1713 1463 1736; x_wconf 80' lang='lat' dir='ltr'>ex</span> <span class='ocrx_word' id='word_1_249' title='bbox 1491 1703 1645 1737; x_wconf 86' lang='lat' dir='ltr'>nomine</span> 
     </span>
     <span class='ocr_line' id='line_1_28' title="bbox 79 1761 855 1795; baseline 0.005 -4"><span class='ocrx_word' id='word_1_250' title='bbox 79 1761 169 1794; x_wconf 78' lang='lat' dir='ltr'>olim</span> <span class='ocrx_word' id='word_1_251' title='bbox 196 1772 216 1794; x_wconf 87' lang='lat' dir='ltr'>a</span> <span class='ocrx_word' id='word_1_252' title='bbox 243 1772 302 1794; x_wconf 88' lang='lat' dir='ltr'>me</span> <span class='ocrx_word' id='word_1_253' title='bbox 329 1761 417 1794; x_wconf 87' lang='lat' dir='ltr'>dato</span> <span class='ocrx_word' id='word_1_254' title='bbox 444 1761 651 1795; x_wconf 87' lang='lat' dir='ltr'>indicatum</span> <span class='ocrx_word' id='word_1_255' title='bbox 679 1762 855 1795; x_wconf 83' lang='lat' dir='ltr'>dicerem.</span> 
     </span>
    </p>
   </div>
   <div class='ocr_carea' id='block_1_3' title="bbox 221 1891 1647 2359">
    <p class='ocr_par' dir='ltr' id='par_1_3' title="bbox 221 1891 1647 2359">
     <span class='ocr_line' id='line_1_29' title="bbox 221 1891 1646 1947; baseline 0.002 -15"><span class='ocrx_word' id='word_1_256' title='bbox 221 1891 397 1932; x_wconf 68' lang='lat' dir='ltr'>Tamus</span> <span class='ocrx_word' id='word_1_257' title='bbox 431 1891 509 1934; x_wconf 85' lang='grc' dir='ltr'><strong>ΙΙΙ.</strong></span> <span class='ocrx_word' id='word_1_258' title='bbox 573 1892 838 1933; x_wconf 76' lang='lat' dir='ltr'><strong>DAWSONIAE</strong></span> <span class='ocrx_word' id='word_1_259' title='bbox 876 1893 1037 1947; x_wconf 71' lang='lat' dir='ltr'>fronde</span> <span class='ocrx_word' id='word_1_260' title='bbox 1075 1893 1217 1935; x_wconf 77' lang='lat' dir='ltr'>enervi</span> <span class='ocrx_word' id='word_1_261' title='bbox 1248 1897 1293 1935; x_wconf 79' lang='lat' dir='ltr'>at</span> <span class='ocrx_word' id='word_1_262' title='bbox 1327 1897 1412 1935; x_wconf 76' lang='lat' dir='ltr'>tota</span> <span class='ocrx_word' id='word_1_263' title='bbox 1437 1908 1646 1947; x_wconf 64' lang='lat' dir='ltr'>percursa</span> 
     </span>
     <span class='ocr_line' id='line_1_30' title="bbox 362 1963 1643 2019; baseline 0.001 -15"><span class='ocrx_word' id='word_1_264' title='bbox 362 1963 490 2015; x_wconf 67' lang='lat' dir='ltr'>venis,</span> <span class='ocrx_word' id='word_1_265' title='bbox 535 1964 583 2005; x_wconf 61' lang='lat' dir='ltr'>in</span> <span class='ocrx_word' id='word_1_266' title='bbox 614 1964 828 2016; x_wconf 66' lang='lat' dir='ltr'>superiore</span> <span class='ocrx_word' id='word_1_267' title='bbox 853 1965 1010 2018; x_wconf 71' lang='lat' dir='ltr'>planta</span> <span class='ocrx_word' id='word_1_268' title='bbox 1040 1965 1299 2019; x_wconf 47' lang='lat' dir='ltr'>subs-elamabis</span> <span class='ocrx_word' id='word_1_269' title='bbox 1330 1968 1370 2006; x_wconf 75' lang='lat' dir='ltr'>et</span> <span class='ocrx_word' id='word_1_270' title='bbox 1391 1965 1643 2018; x_wconf 71' lang='lat' dir='ltr'>flabellatim</span> 
     </span>
     <span class='ocr_line' id='line_1_31' title="bbox 364 2035 1646 2090; baseline 0.002 -15"><span class='ocrx_word' id='word_1_271' title='bbox 364 2035 692 2085; x_wconf 68' lang='lat' dir='ltr'>excurrentibus,</span> <span class='ocrx_word' id='word_1_272' title='bbox 727 2035 774 2077; x_wconf 61' lang='grc' dir='ltr'>’κή</span> <span class='ocrx_word' id='word_1_273' title='bbox 805 2035 944 2077; x_wconf 74' lang='lat' dir='ltr'>media</span> <span class='ocrx_word' id='word_1_274' title='bbox 967 2036 1127 2090; x_wconf 76' lang='lat' dir='ltr'>fronde</span> <span class='ocrx_word' id='word_1_275' title='bbox 1158 2035 1524 2088; x_wconf 53' lang='lat' dir='ltr'>swdgfasviculatim</span> <span class='ocrx_word' id='word_1_276' title='bbox 1558 2050 1646 2077; x_wconf 77' lang='lat' dir='ltr'>con-</span> 
     </span>
     <span class='ocr_line' id='line_1_32' title="bbox 354 2105 1647 2161; baseline 0 -14"><span class='ocrx_word' id='word_1_277' title='bbox 354 2105 532 2158; x_wconf 59' lang='lat' dir='ltr'>junctis,</span> <span class='ocrx_word' id='word_1_278' title='bbox 566 2120 677 2148; x_wconf 64' lang='lat' dir='ltr'>num&lt;</span> <span class='ocrx_word' id='word_1_279' title='bbox 707 2106 755 2148; x_wconf 72' lang='lat' dir='ltr'>in</span> <span class='ocrx_word' id='word_1_280' title='bbox 786 2107 875 2148; x_wconf 59' lang='lat' dir='ltr'>‘ima</span> <span class='ocrx_word' id='word_1_281' title='bbox 901 2111 1027 2160; x_wconf 73' lang='lat' dir='ltr'>parte</span> <span class='ocrx_word' id='word_1_282' title='bbox 1049 2106 1225 2161; x_wconf 56' lang='lat' dir='ltr'>frondis</span> <span class='ocrx_word' id='word_1_283' title='bbox 1257 2110 1368 2148; x_wconf 72' lang='lat' dir='ltr'>costa</span> <span class='ocrx_word' id='word_1_284' title='bbox 1401 2106 1526 2159; x_wconf 73' lang='lat' dir='ltr'>quasi</span> <span class='ocrx_word' id='word_1_285' title='bbox 1549 2121 1647 2159; x_wconf 70' lang='lat' dir='ltr'>pro-</span> 
     </span>
     <span class='ocr_line' id='line_1_33' title="bbox 357 2176 1647 2230; baseline 0.002 -14"><span class='ocrx_word' id='word_1_286' title='bbox 357 2176 463 2228; x_wconf 66' lang='lat' dir='ltr'>pria</span> <span class='ocrx_word' id='word_1_287' title='bbox 509 2177 720 2230; x_wconf 50' lang='lat' dir='ltr'>‚mffultetsy</span> <span class='ocrx_word' id='word_1_288' title='bbox 776 2178 885 2219; x_wconf 63' lang='lat' dir='ltr'>soris</span> <span class='ocrx_word' id='word_1_289' title='bbox 930 2178 1108 2219; x_wconf 69' lang='lat' dir='ltr'>minutis</span> <span class='ocrx_word' id='word_1_290' title='bbox 1160 2177 1400 2219; x_wconf 73' lang='lat' dir='ltr'>rotundatis</span> <span class='ocrx_word' id='word_1_291' title='bbox 1441 2177 1647 2229; x_wconf 68' lang='lat' dir='ltr'>plurimis</span> 
     </span>
     <span class='ocr_line' id='line_1_34' title="bbox 363 2247 1645 2303; baseline 0.002 -15"><span class='ocrx_word' id='word_1_292' title='bbox 363 2247 491 2289; x_wconf 52' lang='lat' dir='ltr'>series</span> <span class='ocrx_word' id='word_1_293' title='bbox 533 2248 787 2300; x_wconf 74' lang='lat' dir='ltr'>flabellatim</span> <span class='ocrx_word' id='word_1_294' title='bbox 839 2249 1053 2302; x_wconf 62' lang='lat' dir='ltr'>mammes</span> <span class='ocrx_word' id='word_1_295' title='bbox 1104 2263 1244 2290; x_wconf 72' lang='lat' dir='ltr'>versus</span> <span class='ocrx_word' id='word_1_296' title='bbox 1295 2249 1516 2291; x_wconf 63' lang='lat' dir='ltr'>radiantes</span> <span class='ocrx_word' id='word_1_297' title='bbox 1554 2249 1645 2303; x_wconf 86' lang='lat' dir='ltr'>for-</span> 
     </span>
     <span class='ocr_line' id='line_1_35' title="bbox 366 2318 588 2359; baseline 0.009 -2"><span class='ocrx_word' id='word_1_298' title='bbox 366 2318 588 2359; x_wconf 73' lang='lat' dir='ltr'>mantibus.</span> 
     </span>
    </p>
   </div>
   <div class='ocr_carea' id='block_1_4' title="bbox 83 2422 1646 2911">
    <p class='ocr_par' dir='ltr' id='par_1_4' title="bbox 83 2422 1646 2911">
     <span class='ocr_line' id='line_1_36' title="bbox 227 2422 1643 2479; baseline 0.004 -17"><span class='ocrx_word' id='word_1_299' title='bbox 227 2422 481 2464; x_wconf 82' lang='lat' dir='ltr'>Meminisse</span> <span class='ocrx_word' id='word_1_300' title='bbox 507 2423 648 2478; x_wconf 88' lang='lat' dir='ltr'>placet</span> <span class='ocrx_word' id='word_1_301' title='bbox 671 2424 823 2465; x_wconf 82' lang='lat' dir='ltr'>Genus</span> <span class='ocrx_word' id='word_1_302' title='bbox 847 2424 930 2465; x_wconf 86' lang='lat' dir='ltr'>sub</span> <span class='ocrx_word' id='word_1_303' title='bbox 954 2425 1135 2466; x_wconf 87' lang='lat' dir='ltr'>nomine</span> <span class='ocrx_word' id='word_1_304' title='bbox 1169 2425 1415 2467; x_wconf 79' lang='lat' dir='ltr'>Dawsoniae</span> <span class='ocrx_word' id='word_1_305' title='bbox 1438 2439 1464 2467; x_wconf 89' lang='lat' dir='ltr'>a</span> <span class='ocrx_word' id='word_1_306' title='bbox 1488 2426 1643 2479; x_wconf 77' lang='lat' dir='ltr'>Boryo,</span> 
     </span>
     <span class='ocr_line' id='line_1_37' title="bbox 84 2493 1644 2549; baseline 0.004 -16"><span class='ocrx_word' id='word_1_307' title='bbox 84 2493 219 2547; x_wconf 76' lang='lat' dir='ltr'>Algas</span> <span class='ocrx_word' id='word_1_308' title='bbox 252 2493 421 2534; x_wconf 85' lang='lat' dir='ltr'>itineris</span> <span class='ocrx_word' id='word_1_309' title='bbox 457 2494 521 2535; x_wconf 82' lang='lat' dir='ltr'>De</span> <span class='ocrx_word' id='word_1_310' title='bbox 555 2494 595 2535; x_wconf 85' lang='lat' dir='ltr'>la</span> <span class='ocrx_word' id='word_1_311' title='bbox 619 2494 818 2549; x_wconf 64' lang='lat' dir='ltr'>(³0quille</span> <span class='ocrx_word' id='word_1_312' title='bbox 842 2495 1132 2545; x_wconf 84' lang='lat' dir='ltr'>describente,</span> <span class='ocrx_word' id='word_1_313' title='bbox 1157 2497 1466 2538; x_wconf 84' lang='lat' dir='ltr'>resuscitatum</span> <span class='ocrx_word' id='word_1_314' title='bbox 1493 2497 1644 2542; x_wconf 78' lang='lat' dir='ltr'>fuisse,</span> 
     </span>
     <span class='ocr_line' id='line_1_38' title="bbox 83 2564 1644 2619; baseline 0.003 -14"><span class='ocrx_word' id='word_1_315' title='bbox 83 2564 152 2605; x_wconf 90' lang='lat' dir='ltr'>cui</span> <span class='ocrx_word' id='word_1_316' title='bbox 188 2565 379 2619; x_wconf 84' lang='lat' dir='ltr'>speciem</span> <span class='ocrx_word' id='word_1_317' title='bbox 416 2578 593 2614; x_wconf 82' lang='lat' dir='ltr'>novam,</span> <span class='ocrx_word' id='word_1_318' title='bbox 628 2564 682 2606; x_wconf 81' lang='lat' dir='ltr'>ad</span> <span class='ocrx_word' id='word_1_319' title='bbox 718 2579 815 2607; x_wconf 88' lang='lat' dir='ltr'>oras</span> <span class='ocrx_word' id='word_1_320' title='bbox 849 2565 1078 2607; x_wconf 74' lang='lat' dir='ltr'>Cliilcnses</span> <span class='ocrx_word' id='word_1_321' title='bbox 1112 2565 1283 2616; x_wconf 83' lang='lat' dir='ltr'>lectam,</span> <span class='ocrx_word' id='word_1_322' title='bbox 1318 2567 1644 2618; x_wconf 75' lang='lat' dir='ltr'>adnumeravit,</span> 
     </span>
     <span class='ocr_line' id='line_1_39' title="bbox 83 2634 1645 2691; baseline 0.003 -16"><span class='ocrx_word' id='word_1_323' title='bbox 83 2634 202 2689; x_wconf 80' lang='lat' dir='ltr'>quod</span> <span class='ocrx_word' id='word_1_324' title='bbox 252 2649 356 2676; x_wconf 87' lang='lat' dir='ltr'>vero</span> <span class='ocrx_word' id='word_1_325' title='bbox 403 2635 555 2676; x_wconf 84' lang='lat' dir='ltr'>Genus</span> <span class='ocrx_word' id='word_1_326' title='bbox 599 2650 679 2677; x_wconf 88' lang='lat' dir='ltr'>nec</span> <span class='ocrx_word' id='word_1_327' title='bbox 722 2636 776 2678; x_wconf 88' lang='lat' dir='ltr'>ab</span> <span class='ocrx_word' id='word_1_328' title='bbox 810 2637 907 2691; x_wconf 88' lang='lat' dir='ltr'>ipso</span> <span class='ocrx_word' id='word_1_329' title='bbox 940 2637 1001 2678; x_wconf 84' lang='lat' dir='ltr'>ita</span> <span class='ocrx_word' id='word_1_330' title='bbox 1033 2637 1363 2679; x_wconf 82' lang='lat' dir='ltr'>characteribus</span> <span class='ocrx_word' id='word_1_331' title='bbox 1397 2638 1645 2689; x_wconf 76' lang='lat' dir='ltr'>definitum,</span> 
     </span>
     <span class='ocr_line' id='line_1_40' title="bbox 83 2705 1646 2766; baseline 0.004 -20"><span class='ocrx_word' id='word_1_332' title='bbox 83 2710 132 2746; x_wconf 88' lang='lat' dir='ltr'>ut</span> <span class='ocrx_word' id='word_1_333' title='bbox 162 2705 270 2747; x_wconf 89' lang='lat' dir='ltr'>illud</span> <span class='ocrx_word' id='word_1_334' title='bbox 306 2706 360 2747; x_wconf 83' lang='lat' dir='ltr'>al)</span> <span class='ocrx_word' id='word_1_335' title='bbox 394 2706 491 2747; x_wconf 89' lang='lat' dir='ltr'>aliis</span> <span class='ocrx_word' id='word_1_336' title='bbox 526 2707 795 2762; x_wconf 82' lang='lat' dir='ltr'>Nitophyllis</span> <span class='ocrx_word' id='word_1_337' title='bbox 829 2707 1087 2763; x_wconf 82' lang='lat' dir='ltr'>dignoscere</span> <span class='ocrx_word' id='word_1_338' title='bbox 1118 2709 1310 2759; x_wconf 79' lang='lat' dir='ltr'>licuerit3</span> <span class='ocrx_word' id='word_1_339' title='bbox 1335 2723 1417 2751; x_wconf 91' lang='lat' dir='ltr'>nec</span> <span class='ocrx_word' id='word_1_340' title='bbox 1439 2710 1494 2751; x_wconf 90' lang='lat' dir='ltr'>ab</span> <span class='ocrx_word' id='word_1_341' title='bbox 1518 2709 1646 2766; x_wconf 86' lang='lat' dir='ltr'>Algo-</span> 
     </span>
     <span class='ocr_line' id='line_1_41' title="bbox 84 2776 1646 2835; baseline 0.004 -18"><span class='ocrx_word' id='word_1_342' title='bbox 84 2776 193 2831; x_wconf 83' lang='lat' dir='ltr'>logis</span> <span class='ocrx_word' id='word_1_343' title='bbox 235 2782 389 2831; x_wconf 84' lang='lat' dir='ltr'>postea</span> <span class='ocrx_word' id='word_1_344' title='bbox 426 2777 687 2832; x_wconf 82' lang='lat' dir='ltr'>adoptatum</span> <span class='ocrx_word' id='word_1_345' title='bbox 723 2779 862 2820; x_wconf 84' lang='lat' dir='ltr'>fuisse</span> <span class='ocrx_word' id='word_1_346' title='bbox 896 2779 1007 2827; x_wconf 87' lang='lat' dir='ltr'>scio;</span> <span class='ocrx_word' id='word_1_347' title='bbox 1058 2779 1251 2822; x_wconf 83' lang='lat' dir='ltr'>Greville</span> <span class='ocrx_word' id='word_1_348' title='bbox 1283 2781 1390 2835; x_wconf 81' lang='lat' dir='ltr'>quin</span> <span class='ocrx_word' id='word_1_349' title='bbox 1426 2781 1564 2822; x_wconf 89' lang='lat' dir='ltr'>immo</span> <span class='ocrx_word' id='word_1_350' title='bbox 1597 2787 1646 2823; x_wconf 90' lang='lat' dir='ltr'>ut</span> 
     </span>
     <span class='ocr_line' id='line_1_42' title="bbox 84 2848 1645 2911; baseline 0.004 -23"><span class='ocrx_word' id='word_1_351' title='bbox 84 2848 277 2901; x_wconf 82' lang='lat' dir='ltr'>speciem</span> <span class='ocrx_word' id='word_1_352' title='bbox 311 2848 535 2904; x_wconf 83' lang='lat' dir='ltr'>propriam</span> <span class='ocrx_word' id='word_1_353' title='bbox 570 2848 815 2905; x_wconf 77' lang='lat' dir='ltr'>Nitophylli</span> <span class='ocrx_word' id='word_1_354' title='bbox 851 2850 1037 2892; x_wconf 79' lang='lat' dir='ltr'>Generis</span> <span class='ocrx_word' id='word_1_355' title='bbox 1071 2851 1263 2907; x_wconf 85' lang='lat' dir='ltr'>typicam</span> <span class='ocrx_word' id='word_1_356' title='bbox 1290 2851 1488 2908; x_wconf 85' lang='lat' dir='ltr'>plantam</span> <span class='ocrx_word' id='word_1_357' title='bbox 1513 2853 1645 2911; x_wconf 86' lang='lat' dir='ltr'>Bory-</span> 
     </span>
    </p>
   </div>
  </div>
 </body>
</html>
