1875 3116
141 112 221 151 168
760 110 1075 152 DELEssmuAE.
1401 113 1699 155 Schizoneura.

132 229 298 283 putavi,
347 228 440 282 jam
489 242 625 283 supra
663 228 1019 270 animadvertere
1060 229 1239 284 placuit.
1305 229 1541 279 Quomodo
1574 237 1695 274 costa

132 299 464 353 liysterogenita
496 300 674 354 proprio
709 314 788 341 suo
825 299 955 341 modo
991 300 1038 342 fit
1070 301 1237 342 sensim
1276 301 1472 344 formata
1506 302 1698 345 subdivi-

130 370 253 411 sione
301 369 562 411 cellularum
612 371 995 425 pi¹aeexiste11tiuin
1044 372 1126 413 hoc
1159 371 1253 419 loco
1288 373 1450 414 referre
1484 374 1692 424 sufficiat,

129 440 185 482 ad
219 455 269 482 ea
302 455 402 495 quze
436 441 490 482 de
524 441 622 483 Sch.
659 441 881 483 laurifolia
914 443 1033 484 infra
1067 442 1171 484 dixi.
1237 443 1389 498 Ipsam
1428 448 1698 486 structuram

132 511 316 563 frondis,
366 512 536 553 cellulis
586 513 870 568 paginalibus
905 513 1305 569 homaeocystideis,
1340 515 1387 556 in
1418 515 1695 570 juvenilibus

129 582 329 638 partibus
379 583 454 635 (D.
511 584 798 638 Qucreifhlioe)
853 584 1047 626 sectione
1100 585 1385 627 transversali
1436 586 1695 637 observatis,

129 654 313 695 unicum
363 658 552 696 stratum
597 655 858 697 cellularum
892 655 1151 697 cubicarum
1187 661 1532 707 monstrantem;
1583 658 1698 699 hanc

128 739 232 767 vero
281 730 551 767 structuram
600 726 729 768 certis
779 726 885 768 locis
935 727 996 782 (in
1045 727 1282 783 pericarpii
1321 729 1489 783 pariete
1522 729 1698 784 supero)

127 801 434 838 transeuntem
483 798 529 838 in
578 797 758 840 cellulas
808 798 941 840 modo
980 798 1346 853 Nitophyllorum
1380 800 1695 855 superpositas³

129 868 278 909 forsan
328 868 553 923 quispiam
598 874 773 924 putaret
805 869 1002 912 indicare
1037 870 1222 912 Generis
1256 871 1482 925 quandam
1520 871 1693 926 positio—

126 954 229 980 nem
275 940 403 994 quasi
442 940 557 982 inter
590 940 702 982 duos
735 945 864 996 typos
898 940 1179 996 ainbigua1n3
1230 942 1314 983 nisi
1350 943 1498 997 potius
1532 943 1577 983 in
1612 943 1693 984 hac

126 1010 416 1065 dispositione
464 1011 726 1053 cellularum
774 1013 1115 1067 congruentiam
1160 1027 1262 1054 cum
1302 1017 1525 1055 structura
1557 1014 1603 1054 in
1640 1014 1691 1054 D.

126 1080 401 1130 Quercifolia
449 1082 595 1124 adhuc
645 1084 787 1138 magis
835 1083 1050 1139 perducta
1097 1084 1298 1126 invenire
1342 1083 1502 1126 liceret.
1569 1084 1695 1133 Quae-

125 1167 319 1207 cumque
367 1157 517 1195 autem
566 1154 627 1196 ita
673 1154 823 1196 adsint
870 1155 916 1196 in
966 1154 1152 1198 diversis
1200 1156 1504 1210 congruentiae
1546 1156 1693 1211 quoad

125 1228 394 1265 structuram
442 1225 625 1275 frondis,
671 1231 713 1267 et
755 1240 876 1267 soros
910 1226 1335 1281 sphaerosporarum.v
1374 1226 1482 1268 mihi
1517 1232 1688 1269 certum

123 1294 383 1349 adparuisse
417 1296 572 1351 putavi
606 1296 757 1352 ipsum
790 1297 1000 1339 nucleum
1034 1297 1311 1353 cystoearpii,
1348 1297 1434 1339 alio
1468 1299 1693 1354 paulisper

125 1366 256 1407 modo
300 1367 345 1408 in
384 1366 681 1423 Nitophylleis
715 1373 757 1410 et
790 1369 1075 1410 Delesserieis
1108 1373 1385 1424 generatum,
1421 1370 1575 1412 sistere
1611 1371 1693 1425 pri-

125 1438 286 1479 marios
331 1438 606 1481 characteres
645 1439 808 1494 quibus
842 1440 1085 1482 affinitates
1122 1440 1496 1482 Delesseriearum
1530 1440 1693 1495 dijudi-

122 1522 221 1550 care
268 1513 544 1564 opporteret;
596 1515 638 1552 et
685 1511 768 1552 hac
807 1511 975 1552 trutina
1007 1511 1247 1553 affinitates
1281 1511 1547 1567 dijudicanti
1583 1512 1693 1553 mihi

122 1584 291 1621 certum
342 1580 550 1635 adparuit
598 1580 776 1636 Species
824 1582 1136 1624 Schizoneurae
1187 1582 1445 1625 Delesseriis
1488 1584 1690 1639 propriis,

121 1664 202 1692 nec
251 1651 562 1706 Nitophylleis„
611 1652 992 1708 adproximandas
1035 1668 1141 1695 esse.
1208 1654 1285 1695 Sin
1320 1668 1424 1696 vero
1458 1655 1573 1696 inter
1605 1655 1686 1696 has

122 1736 357 1776 quaereres,
404 1737 601 1777 quonam
646 1724 739 1765 loco
773 1724 1118 1779 disponerentur
1151 1724 1474 1776 Schizoneurae,
1512 1725 1689 1768 easdem

122 1792 313 1834 dicerem
348 1793 554 1848 plurimis
587 1795 833 1846 inferiores,
869 1796 1084 1837 suadente
1117 1796 1255 1851 ipsius
1278 1801 1410 1838 oostae
1434 1797 1688 1839 evolutione

121 1864 249 1918 quasi
284 1864 628 1920 hysterogenita.

264 1935 441 1990 Species
482 1936 793 1979 Schizoneurae
826 1943 1063 1993 sequentes
1097 1938 1203 1979 olim
1237 1944 1520 1981 enumeratas
1554 1939 1685 1981 hodie

120 2019 300 2060 quoque
333 2007 495 2048 Generi
529 2022 646 2050 novo
680 2009 952 2063 pertinentes
986 2009 1199 2065 suspicor.
1238 2052 1242 2055 ,

156 2138 190 2178 1.
263 2136 368 2179 sca.
405 2152 694 2179 SUBOOSTATA
732 2139 775 2182 J.
814 2139 890 2193 Ay.
932 2140 1073 2193 Epicr.
1102 2155 1145 2193 p.
1182 2126 1283 2182 4590.

261 2239 367 2279 Scri.
402 2253 677 2281 D1cfloroMA
712 2241 758 2283 J.
795 2240 872 2293 Af).
910 2241 1056 2295 Epc'cr.
1088 2256 1131 2294 p.
1169 2245 1270 2283 480.

264 2338 369 2380 Son.
409 2339 597 2381 DAVISII
636 2342 679 2383 J.
716 2341 796 2393 Ay.
834 2342 976 2395 E'pz'cr.
1006 2357 1051 2395 p.
1088 2345 1189 2384 480.

148 2239 191 2479 &9252

260 2438 364 2480 Son.
404 2439 624 2482 Hoossnm
659 2442 704 2484 J.
742 2442 821 2495 Ay.
858 2443 1004 2496 Epe'cr.
1033 2458 1080 2496 10.
1115 2447 1214 2485 481.

147 2540 186 2580 ἵ)
258 2539 362 2581 Son.
400 2540 729 2589 QunacmomA
764 2543 810 2586 J.
847 2543 923 2596 Ag).
962 2544 1107 2597 Epicr.
1136 2560 1182 2597 p.
1216 2548 1314 2586 481.

148 2647 185 2686 (ἰ.
259 2645 364 2688 Son.
398 2646 695 2689 LAURIFOLIA
732 2649 776 2691 J.
813 2650 890 2702 Aa,
927 2665 1045 2693 mser.
1081 2650 1240 2692 fronde
1284 2650 1681 2705 prolificationibus

259 2730 285 2757 a
317 2718 469 2759 costali
504 2719 682 2774 regione
716 2720 1040 2775 pullulantibus
1064 2721 1165 2776 plus
1192 2722 1339 2764 minus
1364 2722 1680 2777 decomposita,

263 2788 376 2829 foliis
425 2789 611 2844 singulis
661 2804 796 2846 supra
842 2792 1059 2846 petiolum
1098 2791 1352 2835 filiformem
1385 2792 1683 2848 oblongo-lan-

257 2858 436 2900 ceolatis
477 2860 660 2911 obtusis,
704 2866 825 2904 costa
865 2862 1032 2904 sensim
1065 2863 1304 2919 conspicue
1336 2864 1581 2906 incrassata
1614 2878 1679 2906 co-
