1875 3116
694 95 1084 139 NEUROGLOSSEAE.
1590 97 1669 139 101

110 212 278 254 lutione
310 213 486 267 longius
520 214 745 269 perducta,
780 215 900 271 quod
933 216 994 270 (in
1027 216 1241 270 iconefiy.
1266 216 1307 270 4)
1336 214 1667 257 inter-cellulari

111 289 246 326 strato
291 284 475 326 ulterius
513 286 702 333 evoluto,
737 287 854 329 intra
886 287 1084 329 maculas
1117 287 1244 342 quasi
1278 286 1448 329 reticuli
1484 287 1664 342 proprii,

111 356 229 410 ipsas
261 355 440 397 cellulas
475 356 650 406 fertiles,
686 358 1018 413 sphaerosporas
1050 362 1328 413 generantes,
1356 357 1511 413 pinxit.
1568 356 1669 406 Quo

111 426 253 480 magis
295 425 377 467 hoc
419 426 549 468 modo
582 427 933 470 subdividuntur
964 428 1145 477 cellulae,
1181 442 1231 470 eo
1266 429 1406 483 magis
1439 429 1671 472 evolutum

110 497 202 540 fieri
234 511 347 552 opus
378 497 489 538 illud
522 498 692 540 reticuli
727 499 1074 548 intercellularis,
1110 499 1294 541 demum
1324 500 1453 555 quasi
1478 504 1669 542 stratum

110 568 342 624 proprium
374 568 620 619 formantis,
656 570 828 611 facilius
862 571 971 611 mihi
1005 585 1269 626 persuasum
1305 570 1455 613 habui.

252 638 412 680 Totam
461 639 575 681 lianc
617 641 983 695 compositionem
1030 641 1201 683 frondis
1234 643 1512 697 comparanti
1546 642 1666 693 mihi,

109 710 369 766 adparuisse
417 710 629 752 confiteor
675 711 864 753 eandem
911 712 1064 754 sistere
1112 717 1270 767 typum
1304 712 1386 755 sibi
1422 714 1667 769 proprium,

109 781 165 823 ad
198 795 332 836 quem
366 781 446 823 rite
479 781 721 823 creandum
755 783 953 824 conferre
988 783 1196 825 videntur
1228 783 1371 825 stadia
1397 784 1663 826 evolutionis

109 852 261 894 omnia
293 852 480 894 diversa.
546 852 658 901 Quae
691 853 773 895 sub
808 868 896 895 11110
929 854 1194 896 evolutionis
1224 854 1365 896 stadio
1390 855 1668 897 infirmitates

109 923 366 966 viderentur
419 927 664 973 structurae,
724 923 904 966 easdem
958 924 1132 966 facilius
1186 930 1363 980 putares
1417 926 1670 969 sublevatas

109 996 362 1038 evolutione
411 995 616 1038 ulteriore
665 1000 707 1038 et
755 996 834 1038 rite
883 996 1095 1051 perducta
1145 997 1500 1051 organisationis,
1540 997 1669 1052 quasi

109 1067 310 1122 propriae,
346 1081 484 1122 quam
523 1071 629 1122 typo
663 1082 799 1122 quam
834 1068 1028 1109 maxime
1061 1068 1463 1109 characteristicam
1497 1069 1668 1123 putavi.

250 1137 530 1180 Structuram
578 1138 864 1193 Neuroglossi
912 1142 955 1180 et
1003 1138 1364 1193 Nitophyllorum
1412 1139 1494 1181 hoc
1536 1139 1668 1181 modo

108 1209 163 1251 ab
196 1209 322 1251 initio
355 1209 543 1251 eandem
573 1209 786 1260 dicerem3
812 1210 927 1251 lianc
952 1224 1055 1252 vero
1079 1210 1257 1265 proprio
1283 1210 1414 1251 modo
1438 1210 1483 1251 in
1506 1210 1670 1252 Neuro-

108 1281 253 1336 glosso
302 1285 521 1322 nmtatam
570 1281 663 1322 fieri
712 1280 965 1324 evolutione
1013 1281 1138 1322 strati
1180 1281 1348 1336 proprii
1381 1281 1669 1332 intercalaris,

109 1352 229 1407 quod
262 1352 437 1394 facilius
471 1352 649 1393 cuidam
683 1352 908 1394 videretur
930 1356 1077 1393 ortum
1101 1356 1150 1393 ut
1172 1352 1508 1393 infirmitatibus
1532 1356 1669 1394 struc-

111 1428 219 1465 1111εο
241 1423 476 1478 primariae,
497 1424 624 1477 quasi
650 1423 841 1464 nimium
866 1423 1102 1478 perductae,
1122 1423 1205 1464 hoc
1225 1422 1355 1464 modo
1374 1422 1668 1465 medearetur.

109 1494 230 1543 Quin
263 1494 401 1536 immo
435 1495 518 1536 hac
550 1495 880 1548 organisatione
908 1494 991 1536 sibi
1016 1494 1195 1549 propria
1218 1494 1517 1549 Neuroglossa
1541 1495 1670 1549 quasi

107 1566 450 1621 organisationis
473 1565 615 1607 stadio
638 1565 865 1620 superiore
888 1580 914 1606 a
937 1565 1207 1620 Nitophyllis
1231 1564 1440 1606 distincta
1463 1565 1669 1607 lubenter

109 1637 315 1679 dicerem.

251 1708 361 1750 Mihi
395 1707 577 1763 quidem
606 1707 913 1763 Nitophylleas
936 1708 1102 1749 formas
1125 1722 1151 1748 a
1174 1707 1457 1749 Delesserieis
1481 1707 1670 1763 propriis

109 1784 329 1822 structura
382 1778 556 1821 frondis
610 1778 807 1820 diversas
863 1778 994 1820 hodie
1048 1778 1360 1827 consideranti,
1412 1778 1668 1820 meminisse

108 1851 336 1906 opportuit
383 1865 562 1906 quoque
610 1850 725 1892 inter
772 1849 1065 1892 Delesserioas
1109 1849 1309 1905 proprias
1341 1849 1552 1891 obvenire
1588 1850 1671 1891 for-

110 1936 217 1971 mas,
267 1936 379 1977 quas
421 1922 610 1977 analogo
648 1920 845 1976 quodam
880 1920 1011 1963 modo
1045 1923 1314 1962 structuram
1348 1920 1509 1962 harum
1542 1921 1670 1975 quasi

110 1993 369 2049 primariam
423 1996 648 2035 mutantes
700 1992 904 2034 lubenter
956 1992 1160 2034 dicerem.
1232 1991 1465 2045 Ejusmodi
1518 1991 1669 2033 videre

108 2064 275 2106 credidi
308 2064 354 2105 in
387 2064 607 2118 Pteridiz‘s,
641 2078 834 2118 quarum
871 2065 1036 2105 formas
1071 2063 1213 2117 magis
1236 2062 1436 2104 evolutas
1460 2067 1503 2103 ct
1528 2063 1670 2104 fructi-

109 2137 226 2178 feras
261 2135 502 2191 Kiitzingio
536 2135 611 2177 vix
637 2135 838 2189 cognitas
861 2134 1005 2176 dicere
1030 2135 1097 2176 fas
1120 2137 1205 2182 est;
1232 2147 1509 2188 1111311111113111
1536 2138 1669 2175 struc-

110 2212 255 2249 turam
306 2206 475 2248 frondis
522 2206 679 2248 iisdem
730 2221 824 2248 esse
867 2205 1091 2261 propriam
1127 2204 1181 2246 ab
1215 2205 1384 2258 31131)ἐί
1422 2204 1525 2246 data
1557 2219 1669 2246 com-

113 2277 286 2333 paranti
336 2281 495 2332 pateat.
561 2277 785 2319 Suadente
827 2277 909 2319 hac
954 2280 1174 2318 structura
1206 2275 1537 2330 quodannnodo
1570 2289 1670 2317 ana-

111 2349 210 2404 loga
243 2363 313 2390 me
346 2363 525 2403 quoque
547 2348 774 2391 dubitasse
797 2347 1001 2397 dicerem,
1027 2362 1143 2389 anne
1167 2360 1390 2388 assumere
1413 2351 1667 2401 opporteret

113 2420 409 2475 Neuroglossa
441 2424 484 2462 et
517 2420 711 2462 Pteridia
742 2434 898 2462 revera
931 2419 1131 2474 proxime
1165 2418 1319 2459 affinia
1352 2432 1446 2459 esse
1475 2417 1670 2459 conside-

110 2490 262 2533 randa.
327 2490 439 2532 Tota
486 2505 590 2533 vero
632 2491 744 2533 serie
788 2490 1165 2532 Delesseriearum
1198 2493 1468 2542 comparata,
1504 2492 1547 2530 et
1579 2503 1671 2543 per-

112 2562 261 2617 pensis
299 2562 396 2603 aliis
441 2561 720 2612 differentiis,
760 2575 860 2616 quae
893 2566 987 2602 tum
1024 2560 1066 2600 in
1101 2563 1321 2601 structura
1354 2558 1539 2610 frondis,
1574 2563 1670 2601 tum

110 2633 156 2674 in
205 2637 427 2675 structura
473 2633 851 2689 cystocarpiorum
900 2631 1048 2686 typica
1085 2629 1238 2671 adesse
1274 2630 1439 2684 putavi,
1475 2630 1670 2672 Pteridia

111 2708 154 2745 et
199 2703 498 2758 Neuroglossa
540 2705 688 2760 potius
731 2703 930 2758 analoga,
966 2716 1102 2757 quam
1136 2701 1339 2757 proxime
1372 2701 1536 2752 affinia,
1572 2716 1670 2744 con-

114 2773 351 2817 sideranda
381 2774 592 2831 judicavi.
