1875 3116
134 76 385 122 Pteridium.
784 81 1038 124 Pmmmm.
1610 84 1692 126 227

133 199 252 241 ipsam
291 210 439 241 quoque
475 202 615 233 costam
650 201 758 243 longe
786 201 884 234 infra
910 201 1053 244 apicem
1081 201 1121 233 in
1147 201 1284 234 lacinia
1308 201 1497 235 terminali
1524 202 1694 235 desinen-

133 260 219 291 tem.
272 259 507 300 Quamquam
543 259 655 301 igitur
689 263 830 293 costam
865 260 985 293 scrius
1013 260 1202 294 evolutam
1230 263 1393 303 putares,
1420 261 1611 304 regionem
1639 272 1694 294 co—

133 317 264 350 stalem
307 317 343 350 in
384 318 490 351 caule
528 319 704 352 inferiore
741 330 784 352 eo
821 330 939 361 usque
966 323 1258 353 transnuitatam
1285 321 1372 360 vidi,
1400 323 1443 354 ut
1467 323 1693 353 structuram

136 376 274 418 pla-uta*
303 377 545 410 Dclesserieis
573 378 796 420 pertinentis
824 379 861 411 in
889 379 952 411 illa
980 389 1075 421 wgre
1102 379 1276 421 equidem
1295 380 1572 422 agnoscendam
1594 383 1694 422 puta-

135 435 262 469 verim.
316 437 406 469 Mihi
449 437 562 479 igitur
600 438 747 471 facilius
787 449 1007 480 persuasum
1049 438 1162 471 habui
1203 439 1300 472 hanc
1339 439 1587 472 mutationem
1616 439 1694 472 fieri

135 495 244 527 modo
271 495 343 528 sibi
371 496 537 538 proprio;
576 497 887 539 provenientibus
916 498 1092 530 nimirum
1122 498 1229 532 novis
1257 498 1426 540 partibus
1454 499 1491 531 in
1519 498 1695 531 interiore

134 554 279 586 frondis
314 555 390 597 jam
428 558 539 588 antea
566 556 732 591 formati:
762 560 799 589 et
825 559 940 589 totam
971 557 1067 590 lianc
1094 557 1342 590 muta-tionem
1370 558 1407 590 in
1436 558 1539 590 nulla
1565 558 1695 600 Specie

134 613 225 645 mihi
254 614 403 655 cognita
429 614 549 656 magis
576 615 801 652 evidentem,
830 615 876 648 ab
903 616 1118 649 evolutione
1145 617 1251 649 strati
1278 616 1377 649 illius
1396 617 1693 658 intercellulariS,

132 672 204 704 filis
242 673 468 706 reticulatim
506 674 647 716 junctis
687 675 883 708 constituti
921 676 1160 717 pendentem,
1200 676 1373 718 equidem
1406 676 1692 710 adscribendam

132 732 274 774 putavi.
326 731 569 775 Comparanti
609 733 722 775 igitur
755 733 847 766 mihi
879 738 990 777 typos
1017 735 1187 768 diversos
1214 735 1543 777 Delesseriearum,
1571 736 1694 769 nullos

132 790 320 824 consimili
358 794 545 825 structura
582 792 761 834 insignes,
797 793 910 826 hodie
936 794 1029 826 mihi
1058 794 1227 836 cognitos
1255 795 1393 828 habere
1419 795 1593 837 dicerem,
1622 796 1694 829 nisi

132 850 261 884 Genus
288 851 378 884 illud
405 851 629 894 jamdudum
658 863 679 885 a
706 853 910 895 Kiitzingio
931 857 1108 894 creatum,
1129 854 1282 887 nomine
1302 855 1541 897 Neuroglossi
1562 858 1693 898 typum

130 910 161 943 si
201 910 289 952 quid
328 910 438 944 video
476 911 669 953 proprium
710 912 987 958 constituentis.
1039 913 1178 945 Praeter
1216 913 1386 946 habitum
1419 914 1594 952 alienum,
1623 915 1694 947 hoc

137 968 266 1002 Genus
306 969 525 1003 distinctum
567 971 728 1004 dicerem
767 972 1022 1014 cystocarpiis‚
1050 973 1151 1005 haud
1179 983 1197 1005 a
1226 973 1354 1006 costali
1392 973 1542 1012 regione
1568 984 1694 1016 prove-

136 1028 339 1070 nientibus,
363 1032 400 1062 et
420 1032 610 1063 structura
635 1030 755 1073 ipsius
782 1031 927 1064 frondis
954 1032 1026 1065 alio
1054 1035 1224 1074 respectu
1252 1032 1410 1066 diversa.

275 1195 338 1237 De
389 1196 631 1252 Speciebus
680 1196 866 1238 Generis
913 1196 1095 1239 Pteridii
1144 1198 1286 1254 magis
1333 1198 1426 1241 fere
1471 1212 1604 1255 quam
1640 1199 1694 1242 de

130 1267 335 1322 plurimis
377 1267 474 1309 aliis
515 1268 662 1310 valere
705 1274 909 1323 putarem
949 1269 1125 1311 easdem
1161 1284 1255 1312 esse
1288 1285 1403 1326 aegre
1437 1271 1693 1327 dignoscen-

131 1338 223 1388 das,
257 1340 342 1381 nisi
377 1345 635 1395 comparata
667 1346 763 1382 tun]
793 1346 1014 1383 structura
1036 1342 1209 1384 frondis
1233 1342 1462 1397 penitiore,
1486 1348 1579 1384 tun]
1606 1343 1690 1384 situ

129 1414 172 1450 et
204 1410 457 1452 evolutione
490 1411 687 1466 partium
716 1411 1072 1454 fructificationis
1094 1438 1150 1442 —-—
1173 1412 1218 1453 111
1243 1412 1429 1455 diversis
1453 1413 1693 1469 Speciebus

128 1480 229 1536 plus
276 1481 426 1522 minus
474 1482 702 1536 perducta.
770 1482 887 1524 Hinc
934 1497 1089 1524 revera
1127 1483 1304 1538 Species
1336 1484 1474 1540 hujus
1507 1485 1693 1526 Generis

128 1560 222 1592 tum
274 1553 359 1594 alio
408 1553 541 1595 modo
589 1553 644 1595 ab
693 1553 791 1595 aliis
838 1554 1151 1609 interpretatas
1199 1555 1352 1607 fuisse,
1401 1560 1496 1598 tum
1541 1570 1694 1598 revera

128 1623 277 1665 minus
310 1639 447 1679 quam
471 1625 687 1680 plurimas
712 1625 821 1667 alias
844 1625 1088 1668 intellectas
1112 1631 1328 1682 putarem.
1379 1628 1494 1669 Sunt
1516 1628 1693 1683 Species

128 1695 247 1737 illius
283 1697 375 1738 fere
399 1710 555 1737 omnes
579 1696 624 1737 111
649 1696 847 1738 maribus
871 1696 1174 1752 frigidioribus
1196 1696 1504 1747 obvenientes;
1530 1702 1574 1739 at
1595 1699 1693 1740 aliae

128 1780 343 1808 oceanum
389 1766 624 1816 borealem,
659 1766 756 1808 aliae
788 1767 1026 1809 australem
1063 1767 1385 1818 inhabitantes;
1435 1782 1546 1823 quas
1583 1769 1692 1811 invi-

129 1852 222 1879 cem
259 1851 412 1880 revera
444 1837 628 1879 omnino
663 1837 860 1881 diversas
894 1852 999 1889 esse,
1028 1838 1200 1880 facilius
1228 1839 1507 1894 conjicerem.
1559 1840 1602 1881 Si
1630 1840 1693 1882 ita

130 1913 287 1963 praeter
335 1908 611 1950 differentias
659 1909 870 1958 locorum,
921 1923 1101 1964 quoque
1149 1908 1426 1951 differentias
1458 1914 1692 1954 structurae

129 1979 245 2021 inter
278 1979 455 2034 Species
489 1984 767 2035 comparatas
800 1979 953 2022 adesse
987 1980 1208 2031 videntur,
1248 1982 1423 2023 facilius
1456 1983 1564 2024 mihi
1600 1998 1692 2038 per-

129 2050 339 2092 suadeam
389 2050 693 2093 habitualibus
742 2052 870 2102 notis,
920 2051 1084 2106 quibus
1132 2051 1232 2107 plus
1265 2053 1415 2095 minus
1447 2067 1691 2109 congruere

127 2121 349 2172 videntur,
399 2122 518 2163 haud
567 2123 628 2164 ita
674 2122 806 2164 fidem
848 2122 1102 2165 habendam
1143 2138 1249 2169 esse,
1285 2131 1345 2173 ut,
1382 2125 1690 2179 praetermissis

130 2192 459 2234 characteribus
493 2197 736 2243 structurae,
774 2194 930 2235 sormae
962 2208 1118 2235 omnes
1151 2195 1543 2249 conjungerentur,
1578 2210 1690 2249 quas

127 2263 431 2305 habitualibus
464 2265 580 2306 notis
612 2264 694 2306 rite
728 2264 985 2319 dignoscere
1020 2265 1218 2306 noudum
1255 2265 1553 2307 didicerimus.

272 2334 538 2376 Rationibus
586 2335 721 2390 igitur
769 2335 896 2377 dictis
941 2336 1162 2385 insistens,
1203 2336 1417 2391 Typicam
1453 2336 1572 2378 illam
1609 2338 1687 2378 for-

133 2419 267 2453 mam,
317 2405 446 2459 cujus
494 2406 784 2460 principalem
833 2407 1031 2461 Speciem
1068 2406 1122 2447 J).
1157 2407 1319 2448 alatam
1351 2406 1454 2447 olim
1490 2407 1688 2448 nomina-

128 2480 232 2517 runt
264 2501 318 2505 —
354 2490 487 2530 quam
538 2481 585 2516 ut
619 2475 883 2517 Sub-Genus
917 2476 1200 2531 Hypoglossi‚
1236 2477 1416 2518 1101111110
1449 2477 1631 2519 Pteridij
1663 2492 1689 2520 a

130 2546 373 2600 Kutzingio
423 2546 678 2588 distinctum
716 2573 782 2593 ——,
834 2551 882 2588 ut
925 2547 1076 2588 Genus
1109 2548 1175 2589 sui
1208 2548 1320 2602 juris
1353 2548 1687 2604 agnoscendum

128 2617 302 2671 putavi;
350 2617 467 2672 quod
503 2618 786 2659 Delesserieis
820 2618 1009 2673 propriis
1043 2618 1256 2660 suadente
1292 2618 1432 2661 nuclei
1468 2624 1688 2662 structura

128 2688 471 2730 adscribendum
506 2689 718 2743 judicavi,
752 2704 1026 2744 quamquam
1062 2689 1311 2745 analogiam
1346 2694 1590 2738 structurae,
1616 2691 1685 2732 ad-

130 2759 312 2800 modum
350 2760 569 2815 insignem
606 2774 704 2801 cum
742 2760 1061 2815 Neuroglossis‚
1098 2775 1184 2802 non
1220 2761 1342 2816 potui
1375 2762 1482 2816 quin
1507 2776 1688 2817 quoque

124 2829 383 2872 indicarem.
