1875 3116
106 105 391 158 Apoylossum.
723 102 1039 143 DELESSERIAE.
1582 99 1659 139 191

104 222 455 265 interveniorum
489 225 711 262 structura
742 234 845 262 cum
879 218 1120 275 Speciebus
1144 216 1543 273 homoeoeystideis
1566 230 1664 258 con-

104 293 299 344 veniant,
334 294 584 349 Apoglossa
607 307 632 335 a
656 291 952 348 Hypoglossis
974 291 1057 332 1100
1081 294 1284 345 respectu
1308 303 1445 344 quam
1468 289 1664 330 maxime

105 363 281 406 diversa
312 364 570 420 adparcant.
635 363 755 405 Hinc
789 363 941 404 Genus
974 362 1130 403 iisdem
1167 361 1394 416 proprium
1419 374 1567 402 creare
1591 359 1667 401 vix

105 435 237 476 hodie
270 435 483 478 dubitavi.
549 435 615 476 De
648 439 870 476 structura
902 438 945 474 et
976 432 1304 474 characteribus
1343 431 1528 473 Generis
1561 430 1666 472 novi

103 520 247 561 pauca
279 521 460 548 monere
493 506 670 562 placuit.

251 577 411 625 Quoad
459 577 662 619 habitum
712 583 754 617 et
794 575 1128 617 ramilicationis
1160 589 1363 615 normam
1398 575 1490 616 Del.
1527 575 1665 628 Hypo-

103 650 284 702 fflossum
325 654 367 690 et
404 650 460 691 D.
495 649 762 702 mtseejfoliam
804 662 939 702 quam
974 647 1169 688 maxime
1202 647 1453 697 convenire,
1488 645 1666 687 easdem

107 734 211 762 vero
254 721 299 761 in
339 720 436 775 ipsa
480 724 702 761 structura
734 719 907 760 frondis
940 718 1133 767 differre,
1157 718 1211 758 .i‹1
1245 718 1425 773 quidem
1459 718 1550 771 jam
1588 716 1667 771 pri-

107 792 193 833 mis
241 790 471 846 Algologis
519 789 853 845 quodammodo
897 789 1060 829 mirum
1100 788 1358 844 adparuisse
1394 793 1531 843 patet;
1566 788 1670 829 hinc

106 862 198 917 J'am
233 862 485 903 Turnerum
519 875 699 917 operam
735 860 909 902 dedisse
943 865 1121 914 putares
1154 864 1203 900 ut
1235 874 1390 901 omnes
1412 866 1552 907 notas,
1578 859 1669 913 qui-

108 933 192 975 bus
233 933 478 982 differrent,
523 933 604 974 sibi
648 932 847 987 cognitas
880 931 1016 986 probe
1050 937 1331 972 enumeraret
1363 932 1455 985 (cfr.
1494 932 1668 984 Synops.

102 1019 147 1057 p.
183 1008 238 1046 14
270 1009 307 1045 et
336 1005 454 1059 squ).
519 1003 641 1045 Idem
689 1016 867 1058 quoque
902 1002 1112 1057 Harveyo
1144 1002 1191 1042 111
1224 1003 1341 1043 curis
1377 1002 1522 1052 fuisse,
1557 1016 1670 1043 00111-

110 1076 283 1130 paranti
318 1090 381 1126 ea,
417 1089 517 1130 quae
549 1075 662 1116 dixit
693 1074 738 1115 111
787 1074 912 1127 Phyle.
948 1074 1061 1115 Brit.
1096 1075 1178 1115 sah.
1214 1074 1272 1114 II
1299 1078 1337 1115 et
1368 1076 1448 1115 lah.
1488 1073 1670 1123 XXVI,

111 1147 187 1189 vix
235 1161 324 1188 non
376 1147 520 1202 primo
569 1146 735 1187 intuitu
783 1145 1008 1200 adpareat.
1074 1144 1220 1185 Hodie
1269 1159 1408 1199 quum
1452 1144 1670 1198 ejusmodi

116 1219 495 1273 comparationem
544 1217 783 1259 extendere
830 1220 1064 1272 opporteat
1104 1215 1158 1256 ad
1194 1216 1312 1271 ipsas
1346 1220 1492 1271 partes
1525 1215 1671 1257 ‘fructi-

115 1290 244 1339 feras,
295 1294 338 1331 et
384 1289 619 1331 observare
667 1288 797 1331 liceat
844 1288 922 1330 has
976 1288 1177 1343 proxime
1224 1293 1518 1342 congruentes
1566 1290 1671 1334 esse,

114 1375 263 1402 nonne
311 1360 459 1402 adhuc
504 1361 647 1416 magis
684 1360 940 1402 mirandum
976 1359 1201 1402 videretur
1233 1358 1508 1400 ‹glifferentias
1542 1363 1674 1399 struc-

113 1436 225 1475 turae
273 1437 425 1475 tamen
473 1433 518 1474 in
566 1432 827 1488 Apoglossis
874 1431 1084 1473 omnibus
1123 1445 1248 1486 aeque
1286 1431 1550 1485 adparentes
1583 1443 1674 1484 per-

114 1504 279 1546 sistere.

260 1575 420 1624 Quoad
473 1580 741 1617 structuram
794 1574 967 1616 frondis
1019 1574 1275 1616 interiorem
1323 1574 1487 1615 dixisse
1536 1572 1677 1627 placet

69 1672 74 1676 —
121 1646 370 1702 Apoglossa
401 1661 503 1689 cuni
537 1646 847 1702 Hypoglossis,
882 1646 1004 1688 velut
1026 1660 1129 1688 cum
1153 1646 1437 1688 Delesserieis
1460 1644 1676 1700 plurimis,

116 1718 163 1758 in
211 1731 261 1759 eo
309 1718 548 1761 convenire
595 1718 714 1773 quod
760 1717 929 1760 cellulae
967 1718 1159 1772 majores
1192 1717 1363 1758 frondis
1396 1742 1446 1746 —-
1485 1717 1530 1756 in
1564 1716 1680 1757 came

115 1794 159 1831 et
190 1793 301 1831 costa
332 1815 387 1819 —
421 1790 615 1831 sectione
648 1789 931 1831 transversali
964 1788 1210 1831 observatae
1244 1788 1366 1830 haud
1389 1787 1679 1843 superpositae

120 1866 170 1902 ut
215 1861 261 1902 in
309 1861 617 1917 Nitophylleis,
668 1860 743 1902 sed
792 1861 1032 1902 exteriores
1079 1874 1182 1901 cum
1231 1859 1515 1901 interioribus
1557 1859 1679 1900 alter-

122 1938 280 1973 nantes
328 1932 540 1974 obvenire
583 1938 625 1974 et
663 1932 906 1987 interjectis
939 1931 1036 1973 aliis
1069 1931 1318 1973 minoribus
1349 1935 1680 1972 anastomosan-

118 2003 250 2053 tibus,
300 2004 428 2059 quasi
475 2004 738 2059 adparatum
789 2004 1021 2059 proprium
1062 2003 1385 2054 forniantibus3
1433 2003 1580 2057 Ipsam
1615 2015 1680 2041 co-

122 2079 249 2125 stam,
303 2075 495 2116 sectione
548 2075 833 2117 transversali
886 2074 1167 2117 observatam
1222 2074 1312 2116 vidi
1362 2072 1678 2129 ellipsoideam,

122 2144 270 2186 inedia
302 2144 562 2187 cellularum
595 2145 816 2200 majorum
853 2145 976 2195 serie,
1011 2144 1169 2186 cellula
1197 2145 1379 2186 centrali
1403 2145 1680 2190 instructam,

125 2220 434 2257 excurrentem
468 2216 511 2257 in
546 2216 665 2271 ipsas
697 2217 789 2257 alas
822 2216 1334 2258 5111111101]051101111111005.
1390 2215 1580 2256 Cellulas
1613 2228 1680 2254 cx-

123 2287 315 2338 teriores,
365 2287 434 2328 his
482 2287 768 2329 interioribus
815 2287 1130 2343 superpositas,
1177 2300 1294 2340 saepe
1330 2285 1533 2339 geminas
1566 2283 1680 2329 vidi:

123 2358 327 2399 omnium
375 2359 564 2400 extimas
604 2359 665 2400 ita
704 2358 947 2399 admodum
990 2358 1200 2398 minutas.
1267 2356 1416 2398 Venas
1449 2357 1511 2397 sic
1544 2355 1682 2396 dictas

123 2429 169 2470 in
217 2428 458 2484 Speciebus
506 2428 734 2470 nonnullis
782 2429 856 2481 (D.
898 2429 1173 2479 Tasmam‘ea)
1212 2441 1238 2468 a
1280 2427 1394 2468 facie
1427 2426 1682 2468 observatas

124 2505 327 2555 constare
369 2499 589 2554 adparent
630 2499 799 2541 cellulis
841 2499 1057 2553 elongatis
1094 2497 1386 2553 cylindraceis
1418 2497 1684 2552 :nlparenter

126 2571 279 2621 nudis;
330 2571 590 2613 interveniis
638 2571 841 2613 onmium
888 2570 1142 2625 Specieruni
1178 2584 1203 2610 a
1235 2569 1403 2611 cellulis
1436 2569 1683 2623 hexagono-

125 2642 349 2698 angulatis
397 2643 660 2685 constitutis.
725 2643 775 2683 In
824 2643 916 2684 Del.
952 2642 1238 2696 oppositaefolc'a
1272 2643 1423 2691 Hera,
1472 2654 1573 2695 quae
1605 2651 1682 2681 cae-

124 2713 230 2756 teris
278 2713 467 2764 tenuior,
513 2713 745 2755 observavi
791 2713 933 2768 ipsam
968 2716 1136 2753 costam
1169 2712 1551 2761 subecorticatam,
1585 2724 1682 2753 con-

129 2788 245 2825 stare
278 2783 437 2826 cellula
469 2784 651 2825 centrali
685 2798 784 2825 cum
820 2783 911 2824 suis
943 2780 1268 2824 collateralibus
1290 2781 1383 2822 fere
1405 2781 1684 2836 longitudine

130 2855 390 2910 aequalibus,
439 2860 483 2897 et
529 2856 645 2897 hanc
692 2855 753 2896 ita
799 2868 879 2896 sua
927 2858 1149 2895 structura
1195 2852 1322 2908 quasi
1362 2852 1685 2908 polysiphonea
