1875 3116
93 92 364 134 Hemineura.
714 92 1029 134 DELESSERIAE.
1569 95 1647 135 177

90 209 278 252 Generis
319 211 610 252 enumeravit.
676 210 727 252 In
760 210 1005 253 novissima
1038 210 1328 265 dispositione
1362 210 1650 253 Delesseriea-

89 295 189 323 rum
237 285 287 322 ut
331 281 485 323 Genus
527 281 596 323 sui
636 282 750 336 juris
782 282 1038 337 agnoscitur
1072 281 1361 330 Hemineura,
1397 282 1649 324 charactere

88 366 114 394 a
147 352 294 393 forma
326 356 370 393 et
402 351 705 407 dispositione,
740 367 852 407 quas
886 356 1137 394 monstrant
1160 353 1260 403 sori,
1285 353 1401 395 intra
1424 353 1649 408 margines

88 422 262 465 frondis
295 437 321 464 a
352 423 466 464 facie
511 423 758 465 observatae
791 423 938 478 petito.
1007 423 1115 465 Mihi
1149 424 1281 465 hodie
1316 424 1371 465 ad
1406 424 1649 466 affinitates

88 493 466 536 Delesseriearum
501 494 744 535 revenienti
781 494 1000 549 adparuit,
1035 495 1132 536 aliis
1156 509 1337 550 quoque
1360 495 1650 538 consideratis

87 564 431 615 characteribus,
467 565 792 606 Hemineuram
821 566 1089 607 constituere
1114 565 1266 607 Genus
1290 566 1358 608 sui
1379 566 1504 621 juris,
1530 566 1649 621 quod

87 636 202 678 inter
249 636 358 678 alias
408 635 703 677 Delesserieas
754 637 1014 691 Hespoylosso
1057 641 1100 678 et
1131 638 1359 691 Apoylosso
1394 638 1647 693 proximum

87 706 420 762 disponendum
454 711 670 762 putarem.

228 778 280 820 In
314 778 594 820 Hemineura
626 778 841 819 nimirum
875 778 1086 820 obvenire
1114 784 1279 821 eostam
1305 780 1545 835 propriam,
1571 781 1650 822 cel-

86 850 187 892 lulis
229 848 534 905 eylindraceis,
578 849 894 904 longitudinali
937 849 1110 892 frondis
1145 850 1386 892 directione
1419 851 1647 906 elongatis,

87 925 343 963 contextam
373 920 468 975 J‘am
500 920 556 962 ab
588 920 793 962 iconibus
826 935 852 962 a
886 920 1070 976 Harvey
1106 921 1219 963 datis
1253 922 1301 963 fit
1333 922 1648 977 conspicuum;

86 993 281 1035 sectione
313 992 434 1033 facta
466 991 752 1034 transversali
786 982 998 1034 costalem
1031 993 1260 1047 regionem
1294 993 1497 1048 pluribus
1524 993 1648 1035 serie-

86 1064 170 1106 bus
203 1063 477 1113 cellularum,
513 1063 641 1118 quasi
674 1063 729 1105 ab
753 1078 843 1104 una
865 1063 922 1105 ad
946 1063 1130 1106 alteram
1155 1064 1271 1105 alam
1295 1064 1648 1115 excurrentibus,

86 1139 289 1177 constare
313 1134 426 1185 vidi;
460 1134 623 1176 harum
646 1135 862 1176 serierum
889 1135 1070 1177 cellulas
1093 1135 1234 1177 obiter
1256 1135 1478 1190 inspectas
1502 1150 1649 1191 super-

85 1206 252 1261 positas
295 1210 337 1247 et
375 1206 504 1260 quasi
544 1206 801 1261 superficies
843 1220 999 1248 versus
1032 1206 1257 1248 radiantes
1290 1206 1463 1248 facilius
1496 1207 1650 1248 forsan

85 1277 310 1332 quispiam
359 1281 547 1332 putaret,
595 1281 641 1318 at
683 1291 836 1320 revera
868 1281 973 1319 sunt
1004 1278 1287 1327 alternantes,
1322 1278 1512 1332 geminis
1545 1292 1650 1320 vero

85 1348 378 1390 exterioribus
425 1348 613 1403 singulis
658 1348 943 1390 interioribus
982 1349 1292 1404 superpositis;
1327 1349 1432 1389 hinc
1464 1349 1511 1389 in
1544 1349 1648 1390 exti-

85 1419 170 1462 mis
204 1419 400 1461 seriebus
439 1419 619 1461 cellulas
656 1419 796 1461 multo
829 1420 1156 1461 numerosiores
1189 1420 1400 1462 obvenire
1433 1434 1569 1474 quam
1604 1420 1648 1461 in

85 1490 383 1533 interioribus.
448 1490 641 1539 Cellulae,
686 1505 786 1546 quae
828 1490 921 1532 alas
954 1490 1128 1533 frondis
1161 1491 1451 1538 constituunt,
1487 1495 1592 1533 sunt
1624 1505 1650 1532 a

84 1561 323 1604 costalibus
357 1566 400 1604 et
431 1562 577 1604 forma
601 1565 643 1603 et
666 1561 907 1604 directione
934 1561 1141 1613 diversae;
1173 1562 1387 1604 nimirum
1411 1562 1503 1604 fere
1529 1561 1649 1603 nullo

85 1637 202 1675 certo
250 1633 405 1675 ordine
453 1633 690 1689 dispositas
739 1633 925 1683 diceres3
968 1648 1049 1675 sua
1080 1634 1225 1675 forma
1256 1632 1648 1688 rotundato-angu-

85 1705 194 1746 latas
227 1704 331 1755 vidi,
366 1704 501 1746 nullis
534 1703 912 1747 intercedentibus
946 1704 1085 1753 venis,
1124 1705 1278 1760 quales
1310 1705 1357 1746 in
1390 1704 1649 1760 Apoglossis

84 1775 238 1818 adesse
271 1780 456 1826 constat,
491 1775 672 1818 cellulas
705 1775 934 1831 paginales
970 1775 1145 1817 frondis
1178 1775 1501 1831 separantibus.
1553 1775 1649 1817 Has

83 1861 220 1890 venas
260 1848 304 1888 in
351 1847 611 1902 Apoglossis
645 1861 671 1888 a
702 1851 823 1889 costa
855 1847 1091 1902 provenire
1123 1847 1368 1902 oppositas;
1419 1847 1465 1887 in
1500 1846 1649 1888 Hemi-

84 1932 224 1960 neura
255 1933 360 1961 vero
393 1924 550 1969 costas,
585 1918 677 1960 alas
712 1922 1032 1973 percurrentes,
1067 1918 1261 1960 alternas
1295 1932 1320 1959 a
1352 1923 1472 1959 costa
1504 1917 1559 1958 ad
1593 1917 1647 1958 la-

82 1990 222 2032 cinias
255 1990 450 2045 (quoque
482 1990 768 2043 alternantes)
801 1989 933 2038 exire,
970 1990 1228 2032 meminisse
1263 1989 1417 2044 placet.

228 2061 516 2116 Oystocarpia
562 2061 609 2102 in
658 2061 938 2103 Hemineura
979 2061 1181 2116 generari
1222 2065 1355 2102 costae
1387 2064 1463 2101 aut
1495 2059 1646 2101 costali

82 2132 253 2186 regioni
301 2133 582 2188 superposita
629 2132 818 2187 singula,
867 2133 960 2188 jam
1009 2132 1153 2173 allata}
1198 2132 1344 2173 icones
1383 2135 1644 2172 monstmnt.

82 2202 388 2258 Pericarpium
437 2204 585 2258 ipsum
622 2204 727 2252 ,fere
776 2203 987 2258 utrinque
1030 2217 1155 2257 aeque
1202 2202 1505 2257 prominuluin
1543 2201 1645 2248 vidi„

82 2273 253 2315 cellulis
285 2274 521 2330 pericarpii
554 2274 695 2315 multo
721 2274 872 2315 minus
898 2273 1159 2328 regulariter
1182 2273 1472 2328 superpositis
1495 2273 1647 2327 (quam

82 2344 127 2385 in
177 2345 474 2400 Nitophylleis
524 2345 788 2400 plerumque
836 2344 1093 2399 obveniant)
1142 2349 1184 2385 et
1222 2344 1265 2384 in
1300 2343 1646 2399 carpostomium

82 2415 184 2471 plus
232 2416 381 2457 minus
430 2416 738 2471 prominulum
787 2415 1067 2457 abeuntibus.
1138 2415 1344 2456 l'lacenta
1390 2415 1507 2456 intra
1538 2415 1646 2469 peri—

83 2487 286 2542 carpium
336 2491 404 2528 sat
451 2486 704 2541 conspicua,
754 2485 958 2541 pluribus
1002 2485 1171 2527 cellulis
1210 2485 1647 2528 anastomosantibus

83 2562 302 2609 contexta,
338 2572 529 2613 quarum
564 2571 714 2607 unam,
749 2561 826 2598 ant
860 2571 1036 2611 paucas,
1073 2557 1200 2611 quasi
1236 2557 1504 2612 principales
1537 2556 1647 2598 dice-

82 2643 177 2670 rem
226 2634 269 2671 et
316 2643 396 2670 suo
444 2634 655 2671 contentu
705 2629 798 2670 fere
848 2627 1138 2670 solidescente
1182 2627 1507 2683 dignoscendas
1540 2627 1647 2682 (fere

82 2699 400 2755 heterogeneas
449 2699 649 2755 diceres);
698 2713 723 2740 a
772 2698 935 2754 quibus
984 2698 1087 2740 dein
1128 2703 1293 2740 exeunt
1326 2699 1399 2740 fila
1430 2699 1644 2749 tenuiora,

86 2771 262 2812 inferne
309 2771 503 2814 invicem
550 2769 908 2812 anastomosibus
948 2770 1222 2811 tenuissimis
1253 2770 1420 2824 juncta,
1456 2784 1647 2825 superne

82 2846 180 2882 tum
223 2841 269 2882 in
313 2846 505 2892 catenas,
540 2842 736 2883 articulis
774 2840 1132 2882 anastomosibus
1162 2841 1330 2895 junctis
1361 2840 1646 2892 cohaerentes,

1466 2924 1509 2958 12
