1875 3116
93 88 411 142 Hypoylossam.
714 87 1029 129 Demessamffi.
1571 90 1645 129 181

89 209 274 249 generata,
315 207 377 240 vix
416 206 489 240 alio
528 207 639 240 modo
677 207 856 241 obvenire
894 207 1041 248 debere,
1080 217 1193 248 quam
1227 207 1359 240 eadem
1386 209 1563 248 generata
1590 207 1649 239 ob-

88 266 247 300 servavi.

230 325 400 368 Denique
426 325 568 358 dixisse
596 326 717 368 plau-ct
743 326 840 358 hanc
874 325 1115 358 Hominem-ze
1151 325 1322 368 Speciem
1349 336 1499 368 novam,
1527 326 1648 367 quoad

87 385 384 426 consistentiam,
412 386 530 418 multo
564 385 688 418 minus
725 385 972 427 gelatinosam
1007 385 1123 419 videri
1158 396 1271 427 quam
1299 385 1463 428 typicam
1492 385 1650 419 Generis

86 444 267 487 speciem;
295 445 467 477 frondem
497 445 679 478 nitentem
707 445 870 478 dicerem
897 448 934 478 et
960 445 1066 487 qnasi
1094 444 1389 486 (fartilagineam,
1417 444 1509 486 quin
1533 445 1649 478 immo

86 504 224 538 chartae
261 504 323 537 vix
351 504 489 537 arctius
517 504 781 537 adhaerentem.
835 504 934 537 Hinc
961 505 1008 537 ob
1035 504 1167 537 dentes
1195 507 1231 537 et
1258 504 1530 547 appendiculas
1558 515 1649 537 mar-

86 563 194 605 ginis,
235 566 451 606 comparata
487 574 636 605 qumpie
675 563 935 603 magnitudine
973 563 1128 605 frondis,
1162 566 1331 597 nostram
1359 563 1516 606 prodere
1542 563 1649 606 quasi

86 622 296 663 analogiam
323 622 512 664 quandam
540 633 625 655 cum
653 621 858 665 Nitoplzsgsllo
884 633 981 656 eroso
1010 623 1174 665 Harveyi
1200 623 1340 665 (qualia
1359 623 1539 656 nimirum
1559 633 1646 656 non-

85 681 189 714 nulla
226 681 422 723 utriusque
459 681 599 724 speciei
636 681 846 723 specimina
877 684 929 723 (at
965 682 1090 715 minus
1124 682 1194 715 rite
1222 682 1386 723 evoluta)
1411 682 1505 715 mihi
1532 682 1649 715 missa

85 739 217 783 fuisse)
241 741 411 774 confiteri
437 743 622 783 opportet.

86 869 272 921 GENUS
312 869 398 921 VI.
479 869 893 920 HYPOGLOSSUM
932 876 1062 917 Katz.
1101 876 1145 917 in
1182 876 1310 930 Phyc.
1352 876 1454 918 Gen.
1482 893 1527 931 p.
1563 880 1648 918 444

765 953 970 1008 (partim).

226 1060 484 1102 Meminisse
517 1061 661 1115 placet
692 1060 775 1102 sub
810 1060 991 1102 nomine
1024 1059 1297 1115 Hypoglossi
1326 1061 1478 1102 Genus
1504 1061 1647 1103 Deles-

83 1132 326 1174 seriearum
373 1131 604 1187 proprium
652 1131 699 1172 in
747 1132 876 1185 Phyc.
917 1130 1066 1174 Gener.
1102 1145 1127 1172 a
1162 1131 1404 1186 Kutzingio
1448 1137 1648 1174 creatum

83 1203 236 1253 fuisse,
270 1203 391 1258 quod
424 1202 572 1258 quoad
615 1203 890 1245 characteres
924 1202 1126 1258 ejusdem
1161 1202 1429 1258 principales
1463 1203 1524 1244 ita
1555 1203 1648 1244 illu-

83 1278 270 1316 stratum
305 1273 485 1325 diceres,
520 1278 570 1316 ut
603 1278 873 1316 structuram
907 1274 1073 1329 proprii
1101 1273 1288 1316 Generis
1322 1274 1368 1315 in
1401 1274 1484 1316 hoc
1517 1288 1647 1329 agno-

83 1359 202 1388 scere
249 1345 382 1387 hodie
429 1345 505 1388 vix
553 1345 747 1387 dubitari
794 1349 1060 1401 opporteret.
1123 1344 1227 1387 Jain
1260 1359 1364 1388 vero
1397 1346 1445 1386 in
1477 1345 1646 1401 Phyco-

82 1416 199 1471 logia
246 1416 357 1458 duas
405 1416 621 1459 sectiones
670 1416 856 1459 Generis
904 1430 1009 1458 eum
1055 1416 1318 1459 assumsisse
1360 1443 1418 1447 —
1456 1430 1647 1472 quarum

81 1503 213 1530 mmm
260 1488 446 1530 Generis
491 1487 730 1543 Speciebus
764 1488 923 1544 typicis
956 1488 1228 1539 institutam;
1278 1490 1471 1541 alteram,
1508 1502 1645 1543 quam

82 1559 264 1601 nomine
308 1559 488 1615 proprio
525 1559 726 1610 PteerTcss,
766 1559 1096 1602 characteribus
1138 1573 1230 1601 non
1268 1573 1428 1615 parum
1462 1558 1648 1602 diversis

81 1630 345 1672 instructam
378 1629 651 1685 designavit3
686 1631 836 1686 ipsum
868 1644 973 1673 vero
1006 1634 1160 1686 postea
1192 1631 1239 1672 in
1275 1631 1497 1684 Speciebus
1519 1631 1646 1684 Alya-

81 1716 189 1753 rum,
238 1701 397 1757 praeter
444 1701 636 1757 Species,
685 1701 754 1744 his
800 1702 1072 1744 sectionibus
1109 1702 1293 1757 typicas,
1330 1702 1438 1744 alias
1471 1716 1648 1744 enume-

83 1786 213 1822 rasse,
248 1772 412 1828 quibus
445 1773 697 1828 conjunctis
730 1778 828 1815 tum
860 1774 1148 1824 characteres,
1183 1778 1281 1816 tum
1313 1773 1476 1815 limites
1509 1773 1647 1828 hujus

83 1843 268 1885 Generis
301 1843 555 1886 obliteratas
587 1844 728 1886 fuisse
760 1845 838 1887 vix
870 1845 1097 1900 quispiam
1130 1845 1261 1887 hodie
1296 1845 1485 1886 miraret.
1543 1843 1647 1892 Qui-

81 1914 165 1956 bus
204 1914 387 1969 quidem
424 1915 609 1971 insuper
645 1915 808 1958 addere
842 1917 998 1971 placet,
1034 1917 1348 1966 characterem,
1383 1930 1518 1971 quem
1551 1929 1646 1969 ego-

82 1989 173 2027 met
225 1985 410 2028 Generis
463 1987 757 2042 principalem
815 1987 1146 2030 consideratum
1194 1987 1367 2035 vellem,
1424 1987 1544 2028 hunc
1591 1986 1646 2027 ab

82 2056 309 2112 Algologis
356 2057 590 2113 hucusque
634 2058 985 2114 praetermissum
1024 2059 1176 2100 fuisse.
1242 2058 1303 2100 Ut
1334 2071 1439 2100 vero
1471 2057 1553 2099 rite
1585 2057 1646 2098 in-

82 2127 305 2182 telligatur
351 2132 571 2171 structura
620 2130 800 2185 propria
848 2129 934 2171 sori
982 2130 1028 2170 in
1072 2129 1381 2184 Hypoglossis,
1417 2141 1559 2183 pauca
1591 2127 1645 2169 de

83 2203 304 2240 structura
336 2199 424 2241 sori
455 2200 502 2241 in
535 2199 632 2242 aliis
660 2200 910 2242 Generibus
934 2200 1018 2242 1100
1041 2201 1135 2242 1000
1160 2200 1400 2255 repetenda
1422 2199 1643 2242 videntur.

224 2269 275 2310 In
317 2269 589 2325 Nitophyllis
631 2284 753 2312 soros
792 2270 1002 2312 obvenire
1038 2270 1186 2325 quoad
1219 2284 1347 2312 suam
1379 2271 1586 2321 formam,
1620 2285 1647 2312 a

82 2340 195 2381 facie
242 2340 537 2391 observatam,
586 2341 633 2382 in
678 2341 863 2383 diversis
898 2341 1137 2396 Speciebus
1170 2340 1415 2382 admodum
1448 2341 1646 2384 diversos

83 2411 189 2453 satis
222 2416 415 2462 constat;
451 2417 499 2453 ut
532 2413 647 2455 hanc
680 2414 873 2454 formam
904 2426 998 2454 esse
1022 2413 1113 2453 suis
1137 2412 1377 2467 Speciebus
1400 2412 1645 2454 admodum

82 2482 498 2532 characteristicam,
533 2487 629 2524 tum
662 2497 766 2525 vero
800 2482 949 2538 quoad
982 2483 1130 2533 situm,
1162 2488 1259 2525 tum
1281 2484 1429 2539 quoad
1452 2484 1646 2526 formam

82 2553 223 2608 ipsius
266 2553 353 2595 sori
391 2553 436 2594 in
471 2553 657 2596 diversis
692 2553 932 2609 Speciebus
966 2555 1149 2596 variam.
1216 2554 1260 2596 Si
1293 2555 1418 2598 frons
1452 2556 1513 2598 ita
1544 2556 1646 2598 sori-

84 2624 180 2666 fera
227 2623 420 2666 sectione
469 2625 753 2667 transversali
800 2625 1035 2667 observata
1066 2625 1212 2675 fuerit,
1249 2626 1462 2682 adpareat
1494 2641 1645 2670 sorum

83 2695 267 2736 omnino
315 2696 594 2737 conformem
642 2696 689 2737 in
737 2701 926 2751 utraque
971 2697 1136 2752 pagina
1172 2697 1384 2740 obvenire
1417 2712 1544 2754 {eque
1577 2713 1644 2740 ex-

84 2779 296 2820 pansum;
346 2779 481 2821 supra
528 2766 708 2808 cellulas
756 2767 971 2808 nimirum
1020 2772 1208 2810 stratum
1253 2768 1426 2811 frondis
1459 2770 1645 2812 interius

82 2836 414 2888 constituentes,
432 2842 528 2880 tum
552 2838 659 2894 ipsae
682 2838 1001 2894 sphaerosporae
1023 2843 1198 2891 exeunt,
1218 2845 1316 2882 tum
1339 2840 1413 2882 fila
1433 2840 1640 2896 quaedam
