1875 3116
115 96 349 139 Gallosersis.
759 94 1014 135 P'rEmmAE.
1586 93 1610 132 2
1619 93 1667 132 11

110 213 359 268 dispositas,
402 227 521 254 nunc
558 212 749 268 geminis
782 211 1073 254 exterioribus
1106 210 1304 265 singulas
1337 209 1568 251 interiores
1600 209 1671 251 ob-

109 284 374 340 tegentibuS,
433 283 554 339 quod
602 285 751 325 forsan
799 282 1124 324 alternantibus
1172 281 1341 324 cellulis
1388 280 1671 336 paginalibus

109 355 452 397 adscribendum
503 355 793 410 conjicerem;
843 355 885 395 111
938 353 1084 396 media
1131 357 1255 408 parte
1302 351 1485 403 frondis,
1535 365 1671 407 quam

111 427 337 482 paulisper
370 427 661 468 incrassatam
696 425 845 468 videre
878 424 1056 471 credidi,
1083 424 1418 479 dispositionem
1443 423 1670 478 quandam

111 500 252 553 magis
286 514 387 540 cum
424 498 719 541 Delesserieis,
748 512 883 552 quam
908 511 1009 538 cum
1036 495 1332 551 Nitophylleis
1355 498 1672 550 congruentem

113 569 279 624 l‘ultavi,
316 574 359 611 et
391 569 663 624 quibusdam
696 568 801 610 locis
835 567 999 608 indicia
1040 566 1246 622 quaedam
1281 565 1540 607 cellularum
1574 579 1670 606 ana-

111 640 452 682 stomosantium
489 640 724 680 observare
758 638 936 685 credidi,
971 653 1071 692 (lure
1105 638 1253 692 potius
1280 637 1547 678 affinitatem
1571 650 1672 677 cum

111 711 396 752 Delesserieis
420 724 553 765 quam
579 724 680 751 cum
706 709 744 750 N
751 709 1003 765 itopbylleis
1022 708 1207 750 suadere
1228 708 1337 749 mihi
1357 707 1672 762 adparuerunt.

254 781 481 831 Quaerenti
516 781 627 822 mihi
661 780 770 822 alios
803 781 1091 827 characteres,
1128 780 1291 834 quibus
1324 778 1591 821 ducentibus
1622 777 1675 819 (16

113 853 328 895 affinitate
352 852 538 894 Generis
561 852 665 893 novi
690 852 852 893 certius
874 851 1074 906 judicare
1098 851 1258 898 liceret,
1293 850 1500 905 adparuit
1523 850 1674 904 (cyste-

114 925 276 980 carpiis
324 924 471 966 adhuc
517 923 695 979 ignotis)
743 923 935 978 optimos
976 936 1130 964 revera
1168 921 1353 963 deficere
1385 921 1674 971 characteres,

115 996 279 1051 quibus
327 995 595 1037 ducentibus
643 994 774 1036 hodie
823 994 877 1035 de
925 1007 1030 1036 vera
1077 993 1296 1034 affinitate
1343 992 1479 1047 hujus
1518 993 1675 1033 formae

112 1068 273 1109 certius
306 1072 499 1109 statuere
533 1066 738 1108 licuisset.

254 1137 385 1187 Quod
429 1152 545 1187 vero,
594 1152 664 1179 me
697 1137 860 1192 judice,
895 1137 1012 1178 hanc
1044 1136 1242 1192 plantam
1279 1135 1332 1177 ad
1368 1134 1676 1190 Nitophylleas

114 1210 277 1251 reterre
321 1209 604 1265 potissimum
646 1214 780 1259 vetat,
820 1208 864 1250 id
897 1209 943 1249 in
977 1207 1074 1262 ipsa
1107 1212 1330 1249 structura
1362 1207 1444 1248 sori
1481 1205 1676 1261 positum

111 1281 315 1323 dicerem.
381 1281 500 1322 Dum
549 1281 765 1322 nimirum
810 1279 1081 1335 Nitophyllis
1114 1278 1518 1320 characteristicum
1554 1280 1675 1331 puto,

114 1367 235 1394 soros
279 1366 382 1394 suos
424 1352 642 1407 geminos,
683 1353 729 1393 in
762 1356 951 1406 utraque
984 1351 1150 1406 pagina
1180 1364 1331 1405 gerere
1364 1349 1603 1404 oppositos,
1637 1352 1679 1388 et

115 1424 293 1478 proprio
342 1423 474 1464 modo
518 1423 580 1464 ita
611 1423 950 1464 transformatos
984 1426 1032 1463 ut
1063 1422 1109 1463 in
1143 1435 1323 1476 quaque
1356 1420 1677 1476 sphzerospora-

117 1509 215 1536 rum
265 1495 388 1544 serie,
439 1493 626 1549 singulis
670 1493 909 1549 paginibus
947 1493 1208 1548 pertinente,
1243 1492 1562 1547 sphaerosporae
1595 1489 1677 1531 sin-

116 1566 231 1621 gulae
265 1580 344 1607 suo
379 1565 557 1621 proprio
590 1565 802 1606 fasciculo
835 1564 1011 1606 filorum
1046 1564 1466 1606 transformatorum
1497 1561 1679 1603 circum-

117 1637 303 1687 dantur;
343 1642 385 1678 et
416 1637 500 1678 hoc
534 1636 717 1691 quidem
750 1650 930 1691 quoque
963 1635 1174 1678 obvenire
1207 1636 1252 1676 in
1287 1633 1540 1690 Speciebus,
1576 1647 1676 1687 qua-

117 1723 217 1749 rum
252 1708 433 1750 frondes
467 1708 635 1750 steriles
668 1707 1072 1749 monostromaticae
1114 1706 1377 1761 adpareant;
1427 1706 1542 1746 hanc
1576 1718 1679 1746 vero

115 1780 201 1821 sori
250 1784 518 1821 structuram
568 1779 968 1821 characteristicam
1019 1778 1065 1819 in
1113 1777 1321 1819 Calloseri
1372 1776 1557 1818 deficere
1600 1789 1679 1816 nec

118 1851 240 1906 potui
275 1851 386 1905 quin
418 1851 656 1907 cujusdam
689 1850 903 1892 momenti
938 1849 1278 1891 considerarem.
1328 1848 1465 1890 Facta
1486 1847 1680 1889 sectione

117 1921 403 1964 transversali
451 1935 531 1977 per
570 1921 769 1963 medium
811 1935 974 1970 sorum,
1010 1920 1092 1962 rite
1124 1925 1167 1962 et
1199 1920 1309 1975 quin
1340 1919 1480 1961 immo
1513 1920 1679 1974 optime

117 1992 359 2043 evolutum,
409 1992 502 2034 vidi
546 1997 829 2047 segmentum
863 1992 944 2033 rite
977 1991 1116 2041 ovale,
1151 1991 1375 2046 margines
1407 2004 1562 2032 versus
1595 1989 1678 2030 exi-

118 2064 206 2105 mie
238 2068 532 2113 attenuatum,
568 2063 778 2105 costalem
806 2063 1025 2118 segmenti
1049 2062 1274 2117 regionem
1298 2062 1391 2103 fere
1414 2061 1547 2102 unica
1568 2061 1679 2102 serie

118 2134 376 2176 cellularum
427 2140 700 2185 contextam;
750 2134 962 2189 utrinque
1004 2147 1130 2175 suam
1165 2133 1322 2175 seriem
1356 2132 1678 2187 sphaerospora-

118 2220 217 2247 rum
252 2206 566 2256 sustinentem;
601 2206 800 2260 singulas
833 2205 1163 2260 spbaerosporas
1197 2204 1324 2258 quasi
1357 2203 1402 2243 in
1434 2216 1512 2243 suo
1537 2201 1679 2243 loculo

121 2276 398 2327 nidulantes3
433 2277 514 2318 hos
547 2291 651 2318 vero
684 2277 851 2318 loculos
883 2290 974 2316 non
1007 2275 1133 2316 aliter
1165 2278 1403 2329 separatos,
1429 2287 1564 2327 quam
1590 2286 1680 2313 una

115 2351 191 2389 aut
239 2347 378 2389 altera
425 2348 535 2389 serie
583 2347 843 2388 cellularum
893 2346 1122 2394 sterilium,
1172 2358 1283 2399 quas
1330 2344 1478 2398 potius
1523 2347 1680 2384 mutua

118 2416 345 2472 pressione
387 2417 634 2471 angulatas,
668 2429 802 2471 quam
838 2416 894 2457 aael
927 2415 1111 2456 modum
1145 2414 1507 2470 Nitophyllorum
1542 2419 1679 2455 trans-

115 2488 327 2529 formatas
375 2487 581 2530 dicerem.
646 2487 836 2542 Quoque
871 2486 1021 2543 ‘probe
1070 2485 1520 2528 animadvertendum
1569 2485 1678 2526 mihi

116 2559 376 2614 adparuisse
424 2559 469 2599 in
516 2573 613 2600 soro
659 2558 721 2599 ita
754 2557 834 2599 rite
868 2557 1057 2607 evoluto,
1093 2556 1272 2598 cellulas
1304 2555 1385 2598 has
1418 2555 1586 2598 steriles
1618 2556 1679 2597 in-

118 2631 300 2672 teriores
342 2630 534 2672 invicem
578 2643 671 2671 esse
713 2629 974 2684 conjunctas
1007 2627 1364 2669 anastomosibus
1396 2626 1497 2682 plus
1529 2627 1680 2669 minus

124 2701 388 2757 conspicuis,
424 2700 587 2756 quibus
619 2704 758 2741 totam
792 2703 1060 2740 structuram
1095 2699 1181 2740 sori
1213 2698 1428 2740 contineri
1450 2712 1539 2740 11011
1565 2712 1680 2753 aegre

115 2774 374 2828 suspicarer.
