1875 3116
118 89 413 131 salamonem-a.
740 88 778 129 D
787 103 1057 129 FinessmuAE.
1600 89 1680 130 167

257 205 301 246 Si
350 220 454 248 vero
501 220 605 247 cum
648 206 715 247 his
753 210 1071 260 comparantur
1112 206 1211 255 sori,
1246 205 1400 260 quales
1434 206 1480 247 in
1515 206 1672 249 Deless.

114 277 286 319 sinuosa
333 276 586 323 obveniant,
637 276 829 318 sectione
877 276 1158 318 transversali
1209 277 1445 327 observati,
1491 276 1672 318 eosdem

115 348 307 389 dicerem
340 362 394 388 ex
429 362 518 388 una
551 351 725 388 tantum
751 347 914 401 pagina
936 346 1024 388 lobi
1050 347 1321 401 pnegnantis
1344 347 1671 402 provenientes,

115 420 159 460 in
194 419 275 460 hac
311 432 412 460 vero
449 418 611 473 pagina
644 417 819 459 eosdem
859 418 949 459 fieri
983 417 1229 460 admodum
1263 418 1554 473 prominulos,
1586 418 1677 460 nul-

115 491 255 545 lisque
300 488 382 529 lilis
423 488 742 536 transmutatis,
779 489 929 543 qualia
960 489 1005 529 in
1041 488 1312 544 Nitophyllis
1345 489 1677 544 sphaerosporas

113 575 288 615 semper
336 560 559 614 cingentia
609 559 710 609 vidi,
762 560 939 601 cinctos.
1005 560 1169 601 Totum
1209 574 1359 601 sorum
1396 560 1444 601 D.
1481 560 1673 602 sinuosa>

113 633 196 673 hoc
244 631 377 673 modo
425 631 550 685 quasi
601 631 656 672 ab
706 631 830 672 initio
879 631 1052 672 nudum
1101 630 1292 673 dicerem
1328 657 1382 661 —
1415 632 1450 673 si
1492 646 1671 687 quoque

49 694 54 700 ¹
112 703 375 745 laciniarum
425 701 702 755 marginibus
752 702 992 744 recurvatis
1037 716 1188 743 sorum
1228 702 1409 744 demum
1443 702 1669 745 obtectum

114 774 314 817 viderim.

255 846 434 888 certum
480 860 583 887 vero
623 846 817 888 valorem
851 850 893 887 et
928 847 1017 888 vim
1050 846 1307 887 attribuenti
1341 846 1672 888 characteribus

112 933 165 959 ox
199 918 460 959 differentiis
494 918 580 959 sori
616 917 775 972 petitis,
823 918 931 958 mihi
966 922 1081 959 certe
1115 932 1205 958 non
1241 917 1671 972 praetermittendum

111 989 330 1044 adparuit,
380 1003 501 1031 soros
549 989 594 1030 in
643 989 697 1030 D.
735 989 992 1041 Quercgfolszssa
1034 988 1166 1031 Harii.
1218 1003 1298 1030 nec
1346 988 1494 1043 quoad
1543 1003 1671 1030 suam

111 1064 394 1110 structuram,
443 1057 543 1102 nec‘
572 1059 719 1114 quoad
769 1059 902 1102 situm
952 1074 1053 1101 cum
1088 1059 1172 1101 illis
1206 1060 1258 1101 D.
1294 1060 1485 1101 sinuosae
1518 1073 1672 1102 conve-

112 1132 217 1181 nire,
253 1145 529 1187 quamquam
562 1131 866 1173 habitualibus
900 1132 1015 1172 notis
1039 1131 1118 1173 has
1143 1131 1319 1186 Species
1343 1130 1404 1172 ita
1426 1130 1666 1172 convenire

110 1207 159 1244 ut
205 1203 379 1244 iconem
429 1202 479 1244 D.
516 1201 800 1251 Quercifoliae
842 1217 867 1244 a
913 1202 1056 1256 Boryo
1099 1201 1250 1243 datam
1282 1202 1375 1243 fere
1409 1215 1579 1243 meram
1616 1202 1668 1244 D.

110 1274 338 1315 sinuosam
386 1274 539 1315 sistere
588 1274 740 1315 forsan
790 1273 1016 1328 quispiam
1065 1273 1261 1315 dixisset.
1337 1272 1496 1321 Quoad
1545 1273 1673 1315 'suam

110 1349 378 1386 structuram
420 1359 600 1399 quoque
644 1358 765 1385 soros
799 1344 988 1386 dicerem
1026 1344 1080 1386 D.
1120 1344 1389 1398 Qecercesfole‘oe
1421 1344 1668 1387 admodum

110 1415 309 1458 diversos
343 1416 397 1457 ab
433 1415 516 1457 illis
549 1416 604 1457 D.
639 1416 830 1469 sinelcosrcg
871 1419 913 1457 et
947 1415 1086 1457 multo
1120 1416 1266 1470 potius
1299 1429 1402 1457 cum
1434 1415 1521 1458 illis
1554 1416 1672 1458 Nito-

111 1487 363 1542 phyllorum
397 1491 705 1541 congruentes,
739 1501 843 1528 cum
876 1486 1039 1541 quibus
1073 1500 1252 1541 quoque
1285 1488 1556 1529 conveniant
1590 1487 1671 1530 dis-

110 1558 338 1613 positione.
416 1558 698 1600 Generantur
756 1557 971 1599 nimirum
1023 1571 1198 1612 semper
1249 1558 1417 1612 gemini
1471 1559 1663 1602 invicem

109 1629 312 1685 oppositi,
362 1634 405 1671 et
451 1629 506 1670 ad
554 1634 790 1684 utramque
835 1629 1043 1684 paginam
1078 1642 1204 1683 {eque
1238 1628 1492 1683 prominuli,
1527 1630 1575 1671 in
1609 1630 1665 1672 D.

114 1701 396 1755 Que†·esejf0l‹e'a,·
428 1700 705 1755 singulisque
734 1701 779 1741 in
803 1714 931 1742 suam
956 1700 1169 1755 paginam
1192 1699 1522 1755 sphaerosporas
1548 1701 1670 1743 emit-

109 1771 324 1821 tentibus;
375 1786 455 1814 nec
487 1772 807 1827 sphaerosporis
841 1771 1027 1826 singulis
1061 1770 1275 1813 deficiunt
1306 1771 1508 1813 fasciculi
1542 1771 1670 1813 cellu-

110 1844 251 1885 larum
298 1843 777 1893 circumambieiitium,
828 1842 991 1897 quibus
1040 1842 1166 1897 quasi
1215 1842 1503 1884 involucratae
1537 1842 1665 1886 obve—

108 1914 234 1956 niant
265 1914 373 1969 ipsae
406 1914 738 1970 sphaerosporae.

249 1986 414 2028 Praeter
460 1986 541 2028 hos
588 1986 876 2036 characteres,
917 2000 1028 2041 quos
1060 1986 1232 2041 typicos
1262 1985 1460 2041 judicavi
1496 1986 1667 2028 Schizo-

108 2071 258 2098 neurae
307 2057 548 2112 Speciebus
596 2057 794 2105 diversis,
845 2056 1006 2099 addere
1054 2057 1199 2111 placet
1245 2071 1316 2098 me
1364 2070 1485 2098 soros
1531 2056 1667 2111 hujus

108 2128 201 2183 typi
234 2128 396 2183 saepius
419 2128 677 2171 observasse
701 2129 744 2169 in
770 2116 935 2183 pagina
956 2128 1095 2183 ipsius
1120 2127 1287 2169 frondis
1311 2127 1531 2176 evolutos:
1562 2132 1668 2170 atta-

112 2213 213 2240 men
238 2199 284 2240 in
308 2199 560 2254 Specimine
584 2199 778 2254 quodam
803 2199 1084 2249 Calisornico,
1109 2198 1191 2240 sub
1215 2199 1396 2240 nomine
1420 2198 1471 2239 D.
1493 2198 1670 2247 Querci-

110 2270 225 2311 foliae
273 2270 383 2311 mihi
430 2270 577 2316 misso,
630 2284 699 2311 me
744 2270 1002 2312 observasse
1035 2284 1156 2312 soros
1191 2270 1235 2310 in
1271 2268 1433 2324 phyllis
1469 2269 1666 2321 minutis,

108 2354 133 2382 a
165 2345 286 2382 costa
327 2341 391 2395 (ut
424 2340 533 2381 mihi
567 2340 787 2396 adparuit)
830 2340 1166 2395 pullulantibus,
1202 2340 1247 2381 in
1281 2344 1469 2395 utraque
1503 2341 1667 2396 pagina

108 2411 329 2465 ejusmodi
364 2411 504 2466 phylli
537 2425 768 2466 expansos.

250 2482 537 2537 Comparanti
584 2482 690 2523 mihi
736 2483 1022 2529 characteres
1065 2482 1230 2537 quibus
1269 2483 1580 2527 Schizoneurae
1612 2484 1668 2526 ab

109 2553 206 2594 aliis
241 2553 615 2595 Delesseriearum
650 2553 899 2595 Generibus
932 2553 1117 2595 diversae
1150 2553 1407 2609 adp-areant,
1431 2569 1522 2597 non
1546 2556 1669 2611 potui

108 2623 217 2678 quin
261 2624 307 2665 in
347 2628 465 2666 costa
499 2628 567 2666 sat
600 2624 838 2679 conspicue
872 2623 1049 2666 evoluta
1081 2625 1418 2679 congruentiam
1452 2640 1555 2668 cum
1587 2627 1668 2669 De-

109 2694 322 2737 lesserieis
356 2695 546 2750 propriis
575 2709 880 2749 agnoscerem;
906 2695 1021 2736 hanc
1047 2709 1149 2737 vero
1173 2695 1294 2737 haud
1317 2697 1664 2752 primigenitam,

111 2765 188 2806 sed
236 2766 363 2820 quasi
406 2766 624 2821 posterius
668 2770 830 2809 natam,
871 2766 1048 2820 qualem
1082 2766 1126 2807 in
1161 2766 1457 2822 Nitophylleis
1490 2769 1668 2824 quibus-

107 2835 211 2877 dam
269 2837 496 2893 regionem
551 2837 763 2880 costalem
814 2836 979 2879 sensim
1031 2837 1370 2893 provenientem
1420 2853 1663 2897 agnoscere
