1875 3116
220 92 303 132 208
860 89 1145 132 PTERIDIEAE.

360 209 511 265 Ipsam
553 209 754 264 plantam
796 209 1149 265 Arachnophylli
1182 210 1315 252 hodie
1348 211 1616 261 observanti,
1652 217 1787 253 struc-

217 286 363 322 turam
414 280 588 322 frondis
637 296 772 336 quam
822 281 867 323 in
916 282 1014 323 aliis
1059 281 1269 324 omnibus
1302 283 1586 325 Delesserieis
1621 283 1784 338 simpli—

217 352 381 393 ciorem
431 366 539 397 esse,
576 352 750 394 facilius
799 358 940 408 patet3
985 368 1064 395 nec
1104 354 1239 408 igitur
1271 368 1324 396 ex
1359 359 1581 396 structura
1612 354 1785 396 frondis

214 428 382 465 certum
419 423 646 478 quoddam
681 423 903 479 judicium
937 424 990 466 de
1024 425 1243 467 affinitate
1278 425 1463 467 Generis
1497 426 1612 467 ferre
1641 426 1782 467 licere.

217 495 303 537 Ubi
352 509 456 537 vero
506 494 655 550 plures
700 495 881 537 cellulas
920 497 1126 538 frondem
1162 498 1481 539 &instituentes
1516 497 1665 539 videre
1699 512 1782 539 cre-

214 566 319 617 didi,
355 567 434 609 has
470 582 693 623 nusquam
730 568 862 610 modo
905 568 1268 625 Nitopliyllorum
1307 569 1609 624 superpositas
1642 568 1780 610 obser-

212 653 317 680 vare
366 639 573 694 contigit3
623 641 772 695 potius
821 640 1002 682 cellulas
1051 640 1321 682 alternantes
1371 640 1583 691 dicerem;
1634 645 1676 682 et
1723 641 1784 682 ita

212 714 477 752 structuram
515 712 686 754 frondis
719 713 862 767 magis
896 727 998 754 cum
1038 712 1323 754 Delesserieis
1357 726 1491 767 quam
1528 726 1629 754 cum
1664 712 1780 754 Nito-

212 781 402 837 phylleis
448 783 700 825 convenire.
767 783 1031 839 Conjunctis
1075 784 1211 840 igitur
1248 784 1317 825 his
1351 783 1782 826 considerationibus

210 853 564 909 Arachnophylli
614 855 766 897 Genus
805 855 1123 911 Hypoglosseis
1157 857 1412 911 proximum
1447 856 1651 898 lubenter
1683 871 1780 897 con-

207 939 403 979 Jicerem.

209 1117 276 1176 V.
374 1118 466 1177 l)e
536 1119 924 1179 PTEiunissis
990 1120 1357 1179 sectionem
1425 1121 1772 1199 propriam

436 1214 1014 1274 Delesseriearum
1073 1215 1547 1275 formantibus.

350 1355 452 1397 Jam
488 1371 621 1412 supra
657 1356 711 1398 de
743 1357 1055 1412 Neuroglossis
1085 1357 1282 1400 scribens
1304 1358 1500 1400 indicavi
1522 1358 1772 1413 analogiam

203 1427 247 1467 in
298 1432 523 1469 structura
572 1428 758 1477 frondis,
810 1443 944 1483 quam
989 1429 1105 1470 inter
1147 1429 1474 1484 Neuroylosseas
1506 1436 1548 1471 et
1581 1430 1774 1472 Pteridia

204 1502 271 1539 sat
294 1499 550 1541 evidentem
578 1499 813 1541 observare
837 1499 1016 1542 credidi.
1068 1500 1344 1542 Structuram
1371 1501 1582 1542 nimirum
1608 1500 1770 1543 Neuro-

199 1570 333 1625 glossi
386 1585 487 1612 cum
537 1585 588 1612 ea
629 1571 991 1626 Nitophyllorum
1040 1572 1083 1612 in
1119 1586 1170 1613 eo
1203 1577 1536 1627 congruentem,
1572 1573 1691 1628 quod
1725 1573 1771 1614 in

202 1642 404 1697 utrisque
438 1642 620 1684 cellulas
654 1642 824 1684 frondis
858 1642 949 1684 dixi
982 1643 1183 1698 generari
1220 1644 1543 1699 superpositas3
1578 1648 1623 1685 at
1654 1644 1771 1686 hanc

199 1718 469 1755 structuram
520 1713 565 1754 in
616 1713 927 1769 Neuroglossis
977 1714 1069 1755 fieri
1103 1719 1321 1756 mutatam
1356 1715 1484 1770 quasi
1518 1715 1770 1757 evolutione

200 1785 322 1826 strati
358 1784 527 1840 proprii
560 1784 847 1832 intercalaris,
889 1784 1007 1839 quod
1043 1785 1089 1826 in
1123 1785 1303 1840 regione
1336 1786 1487 1827 costali
1523 1786 1686 1828 sensim
1721 1787 1770 1828 fit

199 1855 342 1910 magis
390 1856 624 1911 magisque
674 1856 918 1905 evolutum,
969 1861 1012 1898 et
1055 1857 1184 1911 cujus
1222 1856 1476 1898 evolutione
1509 1858 1769 1900 continuata

200 1927 459 1982 primariam
503 1932 772 1969 structuram
806 1941 927 1969 nunc
961 1928 1021 1969 ita
1053 1931 1397 1969 transmutatam
1431 1928 1525 1970 fieri
1559 1928 1766 1979 dicerem,

198 2002 247 2039 ut
288 2003 445 2054 typum
489 1999 675 2039 omnino
720 1998 947 2040 diversum
982 1999 1026 2039 in
1062 1998 1222 2040 fronde
1255 1998 1471 2041 adultiore
1504 1999 1766 2056 Neuroglos-

197 2084 372 2111 seorum
417 2069 594 2111 facilius
636 2069 735 2124 quis
769 2069 1019 2125 conjecerit.
1086 2070 1320 2125 Ejusmodi
1354 2070 1608 2113 evolutione
1641 2073 1765 2114 strati

197 2141 431 2196 cujusdam
483 2141 757 2182 intercalaris
798 2146 969 2196 typum,
1015 2155 1146 2196 quein
1187 2141 1319 2183 hodie
1354 2141 1637 2184 Delesserieis
1670 2157 1763 2198 pro-

198 2213 344 2267 prium
396 2212 502 2263 dixi,
553 2227 733 2268 quoque
775 2217 1126 2255 transmutatum
1172 2212 1263 2254 fieri
1296 2213 1342 2254 in
1376 2212 1647 2267 quibusdam
1682 2214 1762 2256 for-

196 2284 292 2333 mis,
344 2298 454 2339 quas
502 2284 588 2326 alio
636 2291 839 2340 respectu
883 2285 943 2326 ita
987 2298 1086 2326 cum
1126 2284 1408 2326 Delesserieis
1442 2285 1632 2340 propriis
1664 2299 1762 2327 con-

194 2356 423 2397 venientes
472 2360 699 2411 putarunt,
751 2360 798 2398 ut
848 2356 951 2398 olim
1002 2370 1159 2398 onmes
1207 2356 1428 2411 ejusmodi
1477 2356 1654 2411 Species
1691 2357 1761 2399 his

194 2426 289 2468 sine
323 2427 445 2468 omni
482 2426 619 2469 dubio
654 2428 881 2482 proximas
905 2427 1142 2483 dispositas
1165 2427 1302 2469 fuisse
1326 2427 1567 2482 inquirenti
1592 2432 1758 2483 pateat;

193 2498 301 2552 quin
343 2498 482 2539 immo
526 2498 658 2540 hodie
695 2499 951 2541 meminisse
985 2499 1127 2554 placet
1161 2498 1457 2553 Kfitzingium
1491 2524 1546 2528 —-
1579 2499 1649 2540 cui
1682 2504 1761 2541 aut

193 2569 447 2624 specimina
500 2570 727 2611 fructifera
778 2569 974 2611 defuisse
1024 2570 1233 2612 videntur
1281 2569 1478 2624 vulgaris
1524 2570 1580 2612 D.
1618 2571 1758 2621 alam,

192 2640 276 2681 uisi
326 2640 482 2681 iisdem
535 2641 701 2682 nnllam
743 2641 786 2682 in
823 2641 1038 2683 affinitate
1069 2641 1314 2696 J'udicanda
1347 2641 1653 2683 auctoritatem
1688 2641 1757 2682 tri-

192 2711 337 2752 buerit
370 2737 422 2741 —
460 2716 616 2767 typum
653 2713 783 2767 cujus
816 2716 1083 2754 structuram
1120 2712 1408 2755 abludentem
1443 2712 1481 2754 ei
1508 2712 1757 2754 suboluisse

190 2782 377 2826 ridetur.
426 2797 526 2824 cum
569 2782 866 2838 Hypoglossis
898 2783 1239 2837 congenericum
1275 2787 1466 2838 putasse.
1532 2782 1756 2825 Suadente

189 2851 271 2893 hae
320 2857 553 2895 structura]
601 2853 805 2909 analogia
854 2855 969 2896 inter
1018 2855 1302 2908 Nem‘oylossa
1346 2859 1389 2896 et
1430 2853 1642 2904 Pterida‘a,
1683 2868 1754 2896 me
