1875 3116
170 104 253 144 184
537 96 546 102 ’
790 104 1105 146 DELEssnmffi.
1412 109 1733 162 fflspoylosmm.

165 221 247 262 sub
296 221 438 262 stadio
486 220 628 275 inagis
667 222 898 276 pustuloso
932 222 1172 277 depictum,
1207 224 1415 268 lubenter
1448 227 1730 282 conjicerem.

166 293 213 333 Iu
249 294 346 347 ipsa
378 291 453 333 illa
486 291 641 347 Specie
676 292 907 348 Europaea,
943 308 1079 349 quam
1114 295 1237 337 vario
1270 301 1475 351 respectu
1500 312 1579 353 pro
1605 302 1732 356 aetate

164 364 334 405 variam
370 363 590 411 novimus,
626 378 746 405 nunc
779 365 1040 407 tenuissima
1075 366 1248 417 fronde,
1283 382 1403 409 nunc
1432 369 1625 412 firmiore
1648 371 1738 412 for-

164 437 344 482 matam,
381 447 501 475 nunc
534 433 716 483 nudam,
752 449 872 476 nunc
906 435 1071 491 phyllis
1101 437 1364 480 instructam
1391 439 1612 483 uberrime
1636 459 1730 499 pro-

162 503 432 546 lificantibus
481 508 522 545 et
569 505 639 546 his
687 520 868 561 quoque
917 508 1130 558 soriferis,
1180 523 1302 551 soros
1351 510 1563 554 obvenire
1612 529 1732 558 nunc

163 576 360 630 sparsius
394 575 725 631 sphaerosporas
757 583 1023 632 generantes
1056 594 1178 621 nunc
1210 581 1304 622 fere
1338 583 1605 636 pustulosas‚
1636 587 1732 629 aliis

162 647 483 701 sphaerosporis
532 648 768 699 immersis,
818 648 916 691 aliis
959 651 1180 705 protensis
1214 652 1357 707 ipsam
1394 653 1732 709 dispositionem

162 717 354 772 (qualem
398 718 646 761 describere
689 724 875 762 conatus
913 724 1029 776 sum)
1062 723 1216 765 forsan
1249 725 1410 778 {egrius
1444 725 1733 783 interpretan-

161 789 266 830 dam
300 789 493 832 dicerem
514 789 566 845 ss).

304 861 349 902 Si
382 861 519 916 igitur
551 861 605 903 de
638 867 857 906 structura
894 867 1075 921 propria
1107 867 1194 909 sori
1227 868 1273 909 in
1316 868 1615 925 Hypoglossis
1649 873 1730 914 rite

158 931 469 985 judicaverim,
519 938 670 989 patere
717 940 937 990 putarem,
985 937 1104 979 hunc
1144 943 1302 994 typum
1337 942 1418 983 rite
1451 942 1731 985 intellectum

162 1017 315 1045 revera
362 1003 608 1046 admodum
656 1005 837 1048 differre
880 1007 934 1049 ab
968 1008 1055 1056 illo,
1092 1024 1227 1064 quem
1261 1011 1472 1055 obvenire
1507 1014 1598 1056 vidi
1632 1020 1729 1057 tum

160 1074 206 1115 in
255 1074 553 1131 Nitophylleis
600 1078 823 1128 omnibus,
880 1085 976 1121 tum
1025 1081 1069 1122 in
1119 1082 1393 1136 quibusdam
1445 1085 1730 1128 Delesserieis

160 1147 365 1200 [⁷›ropriis,
407 1148 561 1201 quales
606 1149 687 1191 has
721 1150 1022 1193 consideratas
1056 1154 1220 1208 saepius
1253 1155 1503 1198 voluerunt.
1570 1157 1729 1199 Sorum

160 1216 294 1258 unius
342 1219 518 1273 paginae
565 1220 611 1261 in
661 1221 883 1275 ejusmodi
932 1223 1190 1266 Delesseriis
1239 1226 1481 1278 nonnullis,
1525 1232 1568 1270 et
1612 1228 1729 1271 Nito-

159 1287 350 1342 phylleis
383 1289 606 1340 omnibus,
630 1291 896 1346 neutiquam
920 1294 1081 1336 offerre
1104 1296 1437 1353 spheerosporas
1461 1299 1523 1341 ita
1546 1301 1725 1355 positas,

159 1362 208 1399 ut
239 1360 373 1401 unius
400 1361 576 1415 paginae
600 1362 933 1418 sphaerosporas
956 1365 1003 1406 in
1025 1366 1211 1409 alteram
1235 1369 1445 1423 paginam
1472 1384 1567 1413 esse
1591 1376 1727 1414 trans-

158 1430 356 1472 lucentes
390 1432 712 1487 suspicandum
745 1434 983 1478 videretur.

302 1501 456 1550 Quum
516 1518 646 1558 porro
702 1504 1009 1549 demonstrare
1061 1514 1248 1552 conatus
1302 1527 1401 1553 sum
1455 1518 1726 1557 structuram

158 1574 420 1628 cystocarpii
471 1575 666 1630 typicam
716 1576 851 1618 aliam
900 1592 994 1621 esse
1042 1579 1088 1621 in
1138 1580 1449 1638 Nitophylleis,
1500 1585 1634 1626 aliam
1682 1587 1726 1628 in

160 1643 444 1686 Delesserieis
494 1647 695 1701 propriis,
747 1648 829 1690 hoc
878 1649 972 1691 loco
1021 1650 1184 1694 addere
1232 1653 1412 1708 placuit,
1457 1660 1725 1700 structuram

157 1716 421 1771 cystocarpii
454 1717 501 1758 in
534 1718 833 1774 Hypoglossis
876 1721 1106 1764 evidenter
1139 1724 1249 1766 mihi
1283 1725 1544 1782 adparuisse
1578 1730 1726 1785 potius

157 1800 258 1827 cum
295 1787 593 1840 Delesserieis‚
619 1804 755 1845 quam
789 1805 892 1833 cum
926 1792 1224 1850 Nitophylleis
1257 1799 1510 1841 convenire.

300 1859 379 1899 Sin
426 1874 531 1902 vero
580 1876 682 1902 cum
732 1862 975 1919 Kutzingio
1020 1867 1343 1910 assumendum
1385 1871 1540 1924 putavi
1574 1871 1723 1928 Hypo-

156 1928 302 1983 glossa
351 1930 504 1972 sistere
552 1936 709 1987 typum
760 1933 1027 1977 Genericum
1072 1938 1317 1993 proprium,
1366 1940 1487 1983 haud
1520 1956 1623 1984 cum
1656 1943 1725 1986 his

301 2096 333 2137 ss)
359 2098 517 2137 Qualem
552 2109 679 2132 sorum
718 2100 755 2132 in
790 2102 830 2134 D.
859 2102 1100 2145 Hypoglosso
1126 2104 1314 2145 ,iuniorem
1343 2107 1543 2142 observare
1570 2111 1722 2153 credidi,

156 2155 268 2188 talem
306 2157 508 2190 convenire
535 2158 697 2191 dicerem
726 2171 810 2192 cum
839 2171 893 2202 eo,
921 2173 1032 2204 quem
1060 2174 1176 2206 supra
1202 2164 1414 2200 describere
1441 2171 1598 2201 conatus
1626 2180 1721 2203 sum.

157 2215 205 2247 At
245 2215 281 2248 in
321 2216 390 2249 hac
430 2217 571 2259 Specie,
611 2218 744 2251 fronde
781 2220 1007 2254 tenuissima
1044 2222 1237 2266 instructa,
1266 2226 1550 2269 sphaerosporas
1578 2228 1721 2262 validas

155 2274 304 2307 diverso
343 2276 455 2309 1110111)
492 2276 780 2319 ‹lisp‹t›sitione1n
816 2280 1032 2322 primariam
1061 2282 1242 2325 adspectu
1270 2285 1389 2325 magis
1418 2286 1571 2328 variam,
1599 2298 1646 2321 ne
1672 2289 1722 2321 di-

155 2345 236 2366 cam
265 2334 518 2378 irregularem,
546 2337 711 2377 reddere,
740 2338 914 2373 lubenter
940 2341 1177 2383 conjicerem.
1218 2344 1263 2376 In
1282 2344 1470 2386 ejusmodi
1489 2357 1585 2387 soro,
1606 2350 1722 2381 trans-

158 2404 264 2426 versa
301 2394 469 2428 sectione
506 2397 616 2435 facta,
656 2398 940 2442 spliaerosporas
976 2412 1077 2434 nunc
1103 2402 1186 2435 sine
1212 2403 1344 2437 ordine
1370 2405 1574 2448 conspicuo
1600 2407 1720 2450 dispo-

154 2452 257 2494 sitas,
286 2465 386 2487 nuuc
413 2455 553 2498 duplici
581 2457 677 2489 serie
703 2459 963 2501 superpositas
988 2461 1117 2494 forsan
1143 2462 1330 2505 quispiam
1351 2463 1501 2498 diceret.
1541 2465 1719 2500 Ordinem

157 2523 242 2544 vero
272 2513 488 2555 primarium
518 2516 733 2549 evolutione
761 2519 1027 2553 nonnullarum
1056 2521 1416 2565 slrihaerosporarun1,
1451 2525 1720 2567 suppressione

155 2571 309 2603 ullarum
338 2573 474 2614 (saltim
506 2586 571 2617 pro
599 2576 782 2619 tempore)
807 2581 993 2611 mutatum
1023 2580 1101 2613 lieri
1129 2583 1320 2623 1⁷)utare1n3
1354 2585 1434 2616 tum
1461 2583 1572 2616 aliam
1601 2584 1719 2618 videri

155 2630 242 2669 1111111
271 2631 304 2662 111
335 2633 466 2665 fronde
495 2634 718 2668 tenuissima
748 2637 1022 2680 sphaerospmae
1057 2639 1354 2674 intumescentes
1381 2646 1567 2685 occupant
1593 2644 1718 2686 plures

154 2689 269 2721 series
309 2691 528 2725 ‹·‹=1lularum
567 2695 837 2737 superpositas,
877 2707 969 2738 qua-s
1010 2698 1047 2731 111
1087 2703 1283 2741 segmento
1316 2701 1448 2734 eodem
1476 2703 1716 2736 transversali

155 2747 388 2781 ‹·‹›llat‹·1·;1tes
417 2752 633 2794 mljmreant.
674 2754 806 2788 Fuisse
833 2756 1019 2798 ejusmodi
1047 2758 1337 2801 dispositionem
1357 2761 1716 2804 sphaerosporarum,

156 2817 265 2845 quum
294 2808 330 2840 in
359 2808 543 2855 ,Phlyaoloffi
568 2823 686 2857 gener.
715 2823 737 2846 a
762 2814 929 2857 Ki'itzing
956 2819 996 2850 ut
1023 2817 1189 2861 typicam
1209 2818 1367 2853 Generis
1391 2819 1580 2862 depictam
1598 2821 1717 2863 fuisse

154 2866 333 2907 suspicor.
