1875 3116
239 83 320 124 116
823 81 1217 123 NEUROGLOSSEAE.
1460 83 1801 136 Neuroylossum.

235 201 560 255 Botryocarpae.
626 199 927 247 Characteres,
978 199 1143 254 quibus
1192 199 1560 255 dignoscerentur
1606 201 1800 251 familiae,

232 272 307 313 vix
357 271 465 312 alias
507 270 728 312 indicatas
773 270 916 317 video,
960 284 1097 326 quam
1133 276 1402 313 structuram
1437 273 1484 313 in
1518 273 1804 314 Delesserieis

234 342 722 398 pa1·encl]yn]aticam»;
763 342 1204 397 »epenchyinaticam
1239 342 1309 383 vel
1332 344 1800 398 parenchymaticam»

235 415 279 454 in
327 413 680 468 Botryocarpeis.
747 412 995 467 Inquirenti
1037 413 1168 455 facile
1202 419 1351 469 pateat
1383 414 1712 456 characteribus
1744 415 1803 455 ita

232 484 451 532 indicatis
488 499 569 526 nec
602 484 801 526 familias
833 485 916 526 rite
950 484 1210 539 dignoscere
1233 484 1375 532 licere,
1400 500 1482 527 nec
1505 485 1668 527 limites
1692 485 1806 527 inter

232 556 429 598 familias
478 560 681 611 receptas
729 555 845 597 felici
886 570 1023 597 manu
1060 556 1216 598 ductos
1248 557 1400 598 fuisse.
1467 556 1587 598 Hinc
1621 557 1696 599 vix
1729 557 1805 598 mi-

230 627 424 670 randum
474 627 702 669 videretur
749 627 930 676 formas,
967 641 992 669 a
1025 627 1270 682 Kiitzingio
1316 627 1560 677 distinctas,
1607 628 1747 669 fuisse
1780 642 1803 669 a

233 699 553 755 posterioribus
594 698 642 739 in
685 712 823 740 unam
858 699 1139 753 eandemque
1173 699 1395 740 familiam
1430 699 1804 741 Delesseriearum

231 771 508 825 conjunctas.

376 843 586 884 Attamen
638 841 944 883 confitendum
993 841 1222 883 videretur
1264 845 1497 883 structurae
1531 842 1807 883 differentias

235 915 353 956 inter
386 913 574 961 Genera,
609 913 743 954 hodie
783 913 1069 955 Delesserieis
1104 913 1239 954 relata
1272 912 1473 963 existere,
1508 919 1551 954 et
1582 913 1663 955 has
1696 914 1806 968 quin

235 986 377 1027 immo
410 985 655 1027 admodum
683 984 961 1039 conspicuas,
988 983 1022 1025 si
1047 984 1224 1025 Genera
1246 984 1408 1039 typica,
1434 988 1476 1026 et
1499 985 1593 1026 haec
1616 984 1808 1040 propriis

233 1058 325 1100 suis
358 1056 690 1098 characteribus
722 1056 804 1097 rite
837 1055 1028 1097 evolutis
1061 1056 1292 1105 instructa,
1336 1060 1676 1111 comparantur;
1727 1056 1807 1097 hos

235 1143 341 1171 vero
374 1128 651 1170 characteres
683 1127 730 1168 in
764 1127 862 1168 aliis
895 1127 1046 1168 minus
1080 1127 1344 1182 conspicuos
1385 1126 1625 1178 observari,
1669 1141 1807 1181 quare

232 1200 319 1242 illis
369 1201 574 1241 insistere
625 1198 944 1254 &ystematicos
992 1198 1257 1253 posteriores
1305 1197 1546 1247 dubitasse,
1582 1198 1658 1240 vix
1691 1198 1808 1253 quis-

233 1272 353 1328 piam
390 1271 584 1313 miraret.
650 1270 818 1312 Praeter
851 1269 1128 1311 characteres
1161 1283 1266 1311 vero
1300 1269 1344 1310 in
1379 1273 1601 1310 structura
1633 1269 1807 1311 frondis

239 1343 511 1393 observatos,
561 1342 671 1383 alios
719 1341 886 1388 adesse,
937 1346 980 1382 et
1028 1340 1135 1395 quin
1185 1340 1324 1381 immo
1369 1354 1420 1381 ex
1456 1341 1554 1395 ipsa
1585 1345 1808 1382 structura

232 1413 612 1469 cystocarpiorum
668 1413 819 1468 typica
873 1411 1100 1460 deductos,
1156 1411 1289 1453 hodie
1343 1412 1601 1453 meminisse
1649 1412 1804 1467 placet.

236 1486 479 1540 Utriusque
513 1499 618 1527 vero
650 1485 826 1539 generis
860 1483 1138 1525 characteres
1159 1483 1207 1524 in
1232 1483 1530 1531 Delesserieis,
1555 1488 1605 1524 ut
1626 1483 1671 1523 in
1696 1483 1804 1523 mul-

237 1557 293 1599 tis
336 1556 434 1598 aliis
480 1556 683 1598 Familiis
716 1569 837 1596 nunc
870 1554 1027 1609 magis,
1062 1568 1184 1595 nunc
1216 1554 1367 1595 minus
1399 1554 1638 1609 perductos
1670 1554 1808 1595 fuisse

233 1629 279 1669 in
313 1628 503 1670 diversis
538 1627 784 1669 earundem
820 1625 1083 1668 Generibus.
1135 1625 1195 1668 Ut
1226 1625 1363 1680 igitur
1395 1625 1477 1666 rite
1504 1625 1808 1680 percipiantur

234 1700 502 1741 differentiae
547 1703 590 1740 et
622 1698 904 1741 aestimantur
937 1697 1084 1752 quoad
1119 1711 1250 1738 suum
1287 1697 1479 1739 valorem
1516 1697 1805 1745 characteres,

234 1776 337 1813 ante
385 1771 538 1812 omnia
585 1784 699 1825 opus
747 1783 843 1811 esse
891 1774 1110 1824 putarem,
1160 1775 1210 1809 ut
1254 1767 1442 1818 Genera,
1486 1782 1586 1823 quae
1620 1768 1808 1822 singulis

240 1843 358 1898 typis
407 1856 543 1897 quam
593 1842 790 1883 maxime
839 1840 1196 1882 characteristica
1243 1839 1514 1888 viderentur,
1557 1839 1807 1880 accuratius

237 1914 563 1956 examinentur.
633 1913 858 1968 Adpareat
906 1912 988 1953 hoc
1037 1911 1183 1961 modo,
1234 1916 1282 1953 ut
1329 1925 1571 1966 sperarem,
1619 1911 1805 1966 quinam

235 1986 326 2028 sint
358 1986 637 2026 characteres
671 1990 765 2025 tum
800 1983 988 2025 diversis
1012 1983 1130 2038 typis
1155 1983 1435 2037 15›ri11ci15›ales,
1461 1988 1555 2023 tum
1581 1981 1807 2036 quomodo

234 2057 370 2098 iidem
395 2056 639 2099 obveniant
661 2056 706 2096 in
731 2055 828 2096 aliis
851 2069 971 2095 nunc
995 2068 1169 2108 parum,
1196 2062 1315 2095 nunc
1341 2054 1482 2108 magis
1505 2053 1804 2095 transmutati.

377 2128 421 2169 Si
472 2129 626 2169 (lenus
672 2125 934 2181 Nitophylli,
975 2126 1106 2180 quale
1139 2124 1246 2166 illud
1283 2124 1412 2166 hodie
1446 2124 1806 2165 circumscriben-

240 2200 347 2242 dum
384 2200 552 2255 putavi,
587 2212 677 2239 uno
712 2203 817 2253 typo
848 2198 1071 2252 praeciljme
1095 2196 1500 2237 climacteristicum1
1527 2195 1806 2236 considerare

242 2276 487 2327 o]r›1⁷›oi·teat,
539 2276 582 2312 et
629 2270 714 2311 alio
762 2274 869 2324 typo
914 2268 1184 2309 Delesserias
1220 2268 1419 2322 proprias
1453 2267 1605 2308 sistere
1637 2268 1806 2307 formas

236 2342 634 2389 characteristicas,
669 2340 1019 2395 Neuroglossum
1056 2354 1137 2381 nec
1170 2353 1269 2380 cum
1306 2353 1407 2382 uno,
1438 2352 1519 2379 nec
1542 2352 1644 2379 cum
1668 2337 1806 2378 altero

234 2421 342 2469 typo
376 2414 461 2454 rite
495 2413 734 2454 convenire
769 2412 976 2452 dicerem.
1042 2411 1085 2452 Si
1118 2410 1217 2464 jure
1251 2409 1447 2464 quodam
1481 2423 1638 2463 urgere
1670 2422 1807 2449 ausus

237 2500 333 2526 sum
372 2484 643 2539 Nitophyllis
677 2482 1086 2524 characteristicum
1122 2496 1216 2522 esse
1248 2495 1400 2535 gerere
1433 2480 1614 2521 cellulas
1637 2478 1806 2520 frondis

241 2557 479 2597 exteriores
529 2554 813 2596 interioribus
862 2554 918 2594 ita
970 2552 1285 2607 superpositas,
1337 2557 1385 2592 ut
1431 2551 1637 2592 frondem
1677 2549 1805 2605 quasi

237 2626 436 2667 seriebus
485 2626 746 2667 cellularum
798 2629 1046 2665 extrorsum
1092 2623 1360 2664 radiantium
1397 2626 1650 2663 contextam
1685 2635 1805 2662 mon-

239 2703 376 2739 strare
413 2697 663 2743 videantur,
700 2697 782 2737 hoc
816 2695 962 2750 quoad
998 2701 1169 2749 partem
1203 2695 1247 2734 in
1282 2693 1592 2747 Neuroglossis
1625 2705 1805 2746 quoque

243 2768 442 2809 obtilwre
478 2768 663 2814 diceres:
698 2782 862 2821 nempe
896 2766 1001 2807 <lum
1038 2767 1185 2821 agitur
1217 2765 1271 2805 de
1304 2764 1505 2819 partibus
1538 2763 1708 2804 frondis
1740 2763 1804 2817 ju-

245 2838 458 2888 nioribus,
494 2839 547 2880 ‹le
581 2844 802 2880 structura
843 2837 1080 2893 pericarpii
1113 2842 1156 2877 et
1187 2835 1406 2890 ejusmodi
1442 2833 1642 2888 partibus
1676 2833 1804 2888 quasi
