<?xml version="1.0" encoding="UTF-8"?>
<!DOCTYPE html PUBLIC "-//W3C//DTD XHTML 1.0 Transitional//EN"
    "http://www.w3.org/TR/xhtml1/DTD/xhtml1-transitional.dtd">
<html xmlns="http://www.w3.org/1999/xhtml" xml:lang="en" lang="en">
 <head>
  <title>
</title>
<meta http-equiv="Content-Type" content="text/html;charset=utf-8" />
  <meta name='ocr-system' content='tesseract 3.04.00' />
  <meta name='ocr-capabilities' content='ocr_page ocr_carea ocr_par ocr_line ocrx_word'/>
</head>
<body>
  <div class='ocr_page' id='page_1' title='image "./speciesgeneraeto0303agar_0236.png"; bbox 0 0 1875 3116; ppageno 0'>
   <div class='ocr_carea' id='block_1_1' title="bbox 205 79 1769 125">
    <p class='ocr_par' dir='ltr' id='par_1_1' title="bbox 205 79 1769 125">
     <span class='ocr_line' id='line_1_1' title="bbox 205 79 1769 125; baseline -0.001 0"><span class='ocrx_word' id='word_1_1' title='bbox 205 85 290 125; x_wconf 89' lang='grc'>222</span> <span class='ocrx_word' id='word_1_2' title='bbox 862 79 1117 123; x_wconf 74' lang='lat' dir='ltr'>P&#39;rEmDIAE.</span> <span class='ocrx_word' id='word_1_3' title='bbox 1517 81 1769 123; x_wconf 66' lang='lat' dir='ltr'>Pter‘idium.</span> 
     </span>
    </p>
   </div>
   <div class='ocr_carea' id='block_1_2' title="bbox 204 199 1776 2899">
    <p class='ocr_par' dir='ltr' id='par_1_2' title="bbox 204 199 1774 828">
     <span class='ocr_line' id='line_1_2' title="bbox 205 199 1769 256; baseline -0.002 -12"><span class='ocrx_word' id='word_1_4' title='bbox 205 202 311 252; x_wconf 82' lang='lat' dir='ltr'>vidi,</span> <span class='ocrx_word' id='word_1_5' title='bbox 361 201 554 243; x_wconf 74' lang='lat' dir='ltr'>sectione</span> <span class='ocrx_word' id='word_1_6' title='bbox 601 200 721 242; x_wconf 78' lang='lat' dir='ltr'>facta</span> <span class='ocrx_word' id='word_1_7' title='bbox 769 199 1072 251; x_wconf 80' lang='lat' dir='ltr'>transversali3</span> <span class='ocrx_word' id='word_1_8' title='bbox 1122 214 1203 242; x_wconf 91' lang='lat' dir='ltr'>nec</span> <span class='ocrx_word' id='word_1_9' title='bbox 1244 199 1291 241; x_wconf 90' lang='lat' dir='ltr'>in</span> <span class='ocrx_word' id='word_1_10' title='bbox 1335 201 1574 256; x_wconf 84' lang='lat' dir='ltr'>superiore,</span> <span class='ocrx_word' id='word_1_11' title='bbox 1610 215 1690 242; x_wconf 83' lang='lat' dir='ltr'>nec</span> <span class='ocrx_word' id='word_1_12' title='bbox 1723 201 1769 241; x_wconf 90' lang='lat' dir='ltr'>in</span> 
     </span>
     <span class='ocr_line' id='line_1_3' title="bbox 204 271 1771 327; baseline -0.001 -13"><span class='ocrx_word' id='word_1_13' title='bbox 204 274 412 315; x_wconf 78' lang='lat' dir='ltr'>inferiore</span> <span class='ocrx_word' id='word_1_14' title='bbox 460 271 630 313; x_wconf 75' lang='lat' dir='ltr'>frondis</span> <span class='ocrx_word' id='word_1_15' title='bbox 678 276 803 326; x_wconf 78' lang='lat' dir='ltr'>parte</span> <span class='ocrx_word' id='word_1_16' title='bbox 853 285 922 313; x_wconf 84' lang='lat' dir='ltr'>ine</span> <span class='ocrx_word' id='word_1_17' title='bbox 968 271 1133 313; x_wconf 87' lang='lat' dir='ltr'>vidisse</span> <span class='ocrx_word' id='word_1_18' title='bbox 1170 271 1508 327; x_wconf 83' lang='lat' dir='ltr'>dispositionem</span> <span class='ocrx_word' id='word_1_19' title='bbox 1542 271 1771 326; x_wconf 85' lang='lat' dir='ltr'>quandam</span> 
     </span>
     <span class='ocr_line' id='line_1_4' title="bbox 206 343 1771 398; baseline -0.001 -13"><span class='ocrx_word' id='word_1_20' title='bbox 206 344 467 385; x_wconf 68' lang='lat' dir='ltr'>cellularum</span> <span class='ocrx_word' id='word_1_21' title='bbox 517 343 807 398; x_wconf 84' lang='lat' dir='ltr'>paginalium,</span> <span class='ocrx_word' id='word_1_22' title='bbox 851 343 1016 398; x_wconf 77' lang='lat' dir='ltr'>quibus</span> <span class='ocrx_word' id='word_1_23' title='bbox 1056 343 1359 385; x_wconf 70' lang='lat' dir='ltr'>diversitatem</span> <span class='ocrx_word' id='word_1_24' title='bbox 1394 343 1623 398; x_wconf 79' lang='lat' dir='ltr'>quandam</span> <span class='ocrx_word' id='word_1_25' title='bbox 1656 344 1771 384; x_wconf 88' lang='lat' dir='ltr'>inter</span> 
     </span>
     <span class='ocr_line' id='line_1_5' title="bbox 207 415 1769 470; baseline -0.001 -13"><span class='ocrx_word' id='word_1_26' title='bbox 207 416 432 470; x_wconf 82' lang='lat' dir='ltr'>regionem</span> <span class='ocrx_word' id='word_1_27' title='bbox 468 415 679 457; x_wconf 86' lang='lat' dir='ltr'>costalem</span> <span class='ocrx_word' id='word_1_28' title='bbox 713 420 755 456; x_wconf 89' lang='lat' dir='ltr'>et</span> <span class='ocrx_word' id='word_1_29' title='bbox 788 415 1055 470; x_wconf 73' lang='lat' dir='ltr'>marginales</span> <span class='ocrx_word' id='word_1_30' title='bbox 1085 415 1302 469; x_wconf 82' lang='lat' dir='ltr'>quasdam</span> <span class='ocrx_word' id='word_1_31' title='bbox 1328 419 1475 469; x_wconf 86' lang='lat' dir='ltr'>partes</span> <span class='ocrx_word' id='word_1_32' title='bbox 1498 415 1769 457; x_wconf 87' lang='lat' dir='ltr'>indicantem</span> 
     </span>
     <span class='ocr_line' id='line_1_6' title="bbox 208 486 1771 542; baseline 0 -15"><span class='ocrx_word' id='word_1_33' title='bbox 208 487 319 528; x_wconf 90' lang='lat' dir='ltr'>mihi</span> <span class='ocrx_word' id='word_1_34' title='bbox 351 486 612 542; x_wconf 86' lang='lat' dir='ltr'>adparuisse</span> <span class='ocrx_word' id='word_1_35' title='bbox 646 486 851 528; x_wconf 88' lang='lat' dir='ltr'>dicerem.</span> <span class='ocrx_word' id='word_1_36' title='bbox 917 486 1035 527; x_wconf 89' lang='lat' dir='ltr'>Hinc</span> <span class='ocrx_word' id='word_1_37' title='bbox 1068 486 1174 527; x_wconf 87' lang='grc'>011111</span> <span class='ocrx_word' id='word_1_38' title='bbox 1209 486 1507 528; x_wconf 76' lang='lat' dir='ltr'>differentiam</span> <span class='ocrx_word' id='word_1_39' title='bbox 1543 486 1771 540; x_wconf 71' lang='lat' dir='ltr'>quandam</span> 
     </span>
     <span class='ocr_line' id='line_1_7' title="bbox 208 557 1771 613; baseline 0 -14"><span class='ocrx_word' id='word_1_40' title='bbox 208 558 547 613; x_wconf 79' lang='lat' dir='ltr'>subgenericam</span> <span class='ocrx_word' id='word_1_41' title='bbox 596 558 706 599; x_wconf 84' lang='lat' dir='ltr'>mihi</span> <span class='ocrx_word' id='word_1_42' title='bbox 755 558 799 599; x_wconf 89' lang='lat' dir='ltr'>in</span> <span class='ocrx_word' id='word_1_43' title='bbox 850 558 1036 599; x_wconf 86' lang='lat' dir='ltr'>diversis</span> <span class='ocrx_word' id='word_1_44' title='bbox 1075 558 1232 599; x_wconf 74' lang='lat' dir='ltr'>formis</span> <span class='ocrx_word' id='word_1_45' title='bbox 1267 557 1515 599; x_wconf 85' lang='lat' dir='ltr'>suboluisse</span> <span class='ocrx_word' id='word_1_46' title='bbox 1548 558 1771 608; x_wconf 79' lang='lat' dir='ltr'>confiteor,</span> 
     </span>
     <span class='ocr_line' id='line_1_8' title="bbox 206 629 1769 685; baseline 0 -15"><span class='ocrx_word' id='word_1_47' title='bbox 206 644 342 685; x_wconf 74' lang='lat' dir='ltr'>(luam</span> <span class='ocrx_word' id='word_1_48' title='bbox 377 644 481 672; x_wconf 79' lang='lat' dir='ltr'>vero</span> <span class='ocrx_word' id='word_1_49' title='bbox 515 629 647 671; x_wconf 88' lang='lat' dir='ltr'>hodie</span> <span class='ocrx_word' id='word_1_50' title='bbox 679 630 740 671; x_wconf 84' lang='lat' dir='ltr'>ita</span> <span class='ocrx_word' id='word_1_51' title='bbox 773 629 1109 684; x_wconf 79' lang='lat' dir='ltr'>intelligendam</span> <span class='ocrx_word' id='word_1_52' title='bbox 1146 630 1313 684; x_wconf 86' lang='lat' dir='ltr'>putavi,</span> <span class='ocrx_word' id='word_1_53' title='bbox 1347 635 1394 670; x_wconf 88' lang='lat' dir='ltr'>ut</span> <span class='ocrx_word' id='word_1_54' title='bbox 1416 629 1602 671; x_wconf 84' lang='lat' dir='ltr'>eandem</span> <span class='ocrx_word' id='word_1_55' title='bbox 1628 634 1769 670; x_wconf 81' lang='lat' dir='ltr'>ortam</span> 
     </span>
     <span class='ocr_line' id='line_1_9' title="bbox 207 700 1774 755; baseline -0.001 -13"><span class='ocrx_word' id='word_1_56' title='bbox 207 701 400 743; x_wconf 89' lang='lat' dir='ltr'>dicerem</span> <span class='ocrx_word' id='word_1_57' title='bbox 450 701 777 743; x_wconf 76' lang='lat' dir='ltr'>mutationibus</span> <span class='ocrx_word' id='word_1_58' title='bbox 826 705 1059 742; x_wconf 70' lang='lat' dir='ltr'>structurae</span> <span class='ocrx_word' id='word_1_59' title='bbox 1109 701 1324 755; x_wconf 66' lang='lat' dir='ltr'>ejusdem,</span> <span class='ocrx_word' id='word_1_60' title='bbox 1376 700 1530 755; x_wconf 74' lang='lat' dir='ltr'>quales</span> <span class='ocrx_word' id='word_1_61' title='bbox 1581 701 1622 741; x_wconf 92' lang='lat' dir='ltr'>in</span> <span class='ocrx_word' id='word_1_62' title='bbox 1665 700 1774 742; x_wconf 82' lang='lat' dir='ltr'>alias</span> 
     </span>
     <span class='ocr_line' id='line_1_10' title="bbox 208 772 1540 828; baseline -0.001 -14"><span class='ocrx_word' id='word_1_63' title='bbox 208 773 473 815; x_wconf 72' lang='lat' dir='ltr'>directiones</span> <span class='ocrx_word' id='word_1_64' title='bbox 506 773 606 828; x_wconf 85' lang='lat' dir='ltr'>plus</span> <span class='ocrx_word' id='word_1_65' title='bbox 638 773 789 814; x_wconf 90' lang='lat' dir='ltr'>minus</span> <span class='ocrx_word' id='word_1_66' title='bbox 823 772 1059 828; x_wconf 80' lang='lat' dir='ltr'>perductas</span> <span class='ocrx_word' id='word_1_67' title='bbox 1092 772 1328 815; x_wconf 76' lang='lat' dir='ltr'>observare</span> <span class='ocrx_word' id='word_1_68' title='bbox 1361 772 1540 814; x_wconf 86' lang='lat' dir='ltr'>credidi.</span> 
     </span>
    </p>

    <p class='ocr_par' dir='ltr' id='par_1_3' title="bbox 206 844 1776 2899">
     <span class='ocr_line' id='line_1_11' title="bbox 352 844 1772 898; baseline 0 -13"><span class='ocrx_word' id='word_1_69' title='bbox 352 844 520 887; x_wconf 76' lang='lat' dir='ltr'>Praeter</span> <span class='ocrx_word' id='word_1_70' title='bbox 552 844 823 886; x_wconf 89' lang='lat' dir='ltr'>mutationes</span> <span class='ocrx_word' id='word_1_71' title='bbox 856 844 1070 885; x_wconf 87' lang='lat' dir='ltr'>nimirum</span> <span class='ocrx_word' id='word_1_72' title='bbox 1106 849 1337 885; x_wconf 82' lang='lat' dir='ltr'>structurae</span> <span class='ocrx_word' id='word_1_73' title='bbox 1371 844 1497 898; x_wconf 84' lang='lat' dir='ltr'>quasi</span> <span class='ocrx_word' id='word_1_74' title='bbox 1522 844 1772 890; x_wconf 73' lang='lat' dir='ltr'>exteriores.</span> 
     </span>
     <span class='ocr_line' id='line_1_12' title="bbox 210 914 1770 971; baseline 0 -16"><span class='ocrx_word' id='word_1_75' title='bbox 210 916 374 971; x_wconf 73' lang='lat' dir='ltr'>quibus</span> <span class='ocrx_word' id='word_1_76' title='bbox 420 916 613 958; x_wconf 83' lang='lat' dir='ltr'>invicem</span> <span class='ocrx_word' id='word_1_77' title='bbox 664 915 844 957; x_wconf 76' lang='lat' dir='ltr'>differre</span> <span class='ocrx_word' id='word_1_78' title='bbox 893 915 1101 958; x_wconf 86' lang='lat' dir='ltr'>videntur</span> <span class='ocrx_word' id='word_1_79' title='bbox 1149 915 1326 970; x_wconf 77' lang='lat' dir='ltr'>Species</span> <span class='ocrx_word' id='word_1_80' title='bbox 1364 915 1559 963; x_wconf 77' lang='lat' dir='ltr'>Pteridii,</span> <span class='ocrx_word' id='word_1_81' title='bbox 1594 914 1770 956; x_wconf 83' lang='lat' dir='ltr'>easdem</span> 
     </span>
     <span class='ocr_line' id='line_1_13' title="bbox 212 987 1772 1041; baseline -0.001 -13"><span class='ocrx_word' id='word_1_82' title='bbox 212 988 404 1030; x_wconf 85' lang='lat' dir='ltr'>invicem</span> <span class='ocrx_word' id='word_1_83' title='bbox 448 988 663 1029; x_wconf 87' lang='lat' dir='ltr'>contineri</span> <span class='ocrx_word' id='word_1_84' title='bbox 710 987 900 1029; x_wconf 81' lang='lat' dir='ltr'>dicerem</span> <span class='ocrx_word' id='word_1_85' title='bbox 945 987 1274 1029; x_wconf 62' lang='lat' dir='ltr'>characteribus</span> <span class='ocrx_word' id='word_1_86' title='bbox 1308 987 1435 1041; x_wconf 75' lang='lat' dir='ltr'>quasi</span> <span class='ocrx_word' id='word_1_87' title='bbox 1471 987 1653 1040; x_wconf 75' lang='lat' dir='ltr'>majoris</span> <span class='ocrx_word' id='word_1_88' title='bbox 1687 1001 1772 1027; x_wconf 89' lang='lat' dir='ltr'>mo-</span> 
     </span>
     <span class='ocr_line' id='line_1_14' title="bbox 210 1058 1773 1114; baseline -0.001 -14"><span class='ocrx_word' id='word_1_89' title='bbox 210 1059 360 1107; x_wconf 81' lang='lat' dir='ltr'>menti,</span> <span class='ocrx_word' id='word_1_90' title='bbox 396 1064 491 1100; x_wconf 87' lang='lat' dir='ltr'>tum</span> <span class='ocrx_word' id='word_1_91' title='bbox 525 1059 570 1100; x_wconf 92' lang='lat' dir='ltr'>in</span> <span class='ocrx_word' id='word_1_92' title='bbox 605 1064 828 1100; x_wconf 77' lang='lat' dir='ltr'>structura</span> <span class='ocrx_word' id='word_1_93' title='bbox 861 1059 1077 1114; x_wconf 88' lang='lat' dir='ltr'>penitiore</span> <span class='ocrx_word' id='word_1_94' title='bbox 1112 1058 1298 1106; x_wconf 82' lang='lat' dir='ltr'>frondis,</span> <span class='ocrx_word' id='word_1_95' title='bbox 1332 1063 1427 1099; x_wconf 79' lang='lat' dir='ltr'>tuin</span> <span class='ocrx_word' id='word_1_96' title='bbox 1465 1059 1508 1099; x_wconf 89' lang='lat' dir='ltr'>in</span> <span class='ocrx_word' id='word_1_97' title='bbox 1541 1058 1773 1099; x_wconf 73' lang='lat' dir='ltr'>fructifica-</span> 
     </span>
     <span class='ocr_line' id='line_1_15' title="bbox 208 1130 1774 1185; baseline -0.001 -13"><span class='ocrx_word' id='word_1_98' title='bbox 208 1131 340 1172; x_wconf 84' lang='lat' dir='ltr'>tionis</span> <span class='ocrx_word' id='word_1_99' title='bbox 374 1131 523 1172; x_wconf 88' lang='lat' dir='ltr'>indole</span> <span class='ocrx_word' id='word_1_100' title='bbox 551 1130 788 1185; x_wconf 87' lang='lat' dir='ltr'>perductis.</span> <span class='ocrx_word' id='word_1_101' title='bbox 841 1130 950 1171; x_wconf 88' lang='lat' dir='ltr'>Aliis</span> <span class='ocrx_word' id='word_1_102' title='bbox 975 1131 1079 1171; x_wconf 87' lang='lat' dir='ltr'>locis</span> <span class='ocrx_word' id='word_1_103' title='bbox 1104 1130 1236 1171; x_wconf 86' lang='lat' dir='ltr'>hodie</span> <span class='ocrx_word' id='word_1_104' title='bbox 1260 1130 1565 1171; x_wconf 81' lang='lat' dir='ltr'>demonstrare</span> <span class='ocrx_word' id='word_1_105' title='bbox 1589 1134 1774 1171; x_wconf 77' lang='lat' dir='ltr'>conatus</span> 
     </span>
     <span class='ocr_line' id='line_1_16' title="bbox 207 1201 1773 1257; baseline 0.001 -14"><span class='ocrx_word' id='word_1_106' title='bbox 207 1217 319 1253; x_wconf 90' lang='lat' dir='ltr'>sum,</span> <span class='ocrx_word' id='word_1_107' title='bbox 372 1203 516 1257; x_wconf 86' lang='lat' dir='ltr'>ipsam</span> <span class='ocrx_word' id='word_1_108' title='bbox 566 1207 831 1243; x_wconf 83' lang='lat' dir='ltr'>structuram</span> <span class='ocrx_word' id='word_1_109' title='bbox 884 1201 1053 1243; x_wconf 83' lang='lat' dir='ltr'>frondis</span> <span class='ocrx_word' id='word_1_110' title='bbox 1102 1202 1233 1243; x_wconf 81' lang='lat' dir='ltr'>aliam</span> <span class='ocrx_word' id='word_1_111' title='bbox 1284 1216 1380 1243; x_wconf 89' lang='lat' dir='ltr'>esse</span> <span class='ocrx_word' id='word_1_112' title='bbox 1420 1202 1464 1242; x_wconf 91' lang='lat' dir='ltr'>in</span> <span class='ocrx_word' id='word_1_113' title='bbox 1501 1202 1773 1256; x_wconf 59' lang='lat' dir='ltr'>Neftophylm.</span> 
     </span>
     <span class='ocr_line' id='line_1_17' title="bbox 210 1273 1774 1328; baseline -0.001 -13"><span class='ocrx_word' id='word_1_114' title='bbox 210 1274 343 1315; x_wconf 83' lang='lat' dir='ltr'>aliam</span> <span class='ocrx_word' id='word_1_115' title='bbox 378 1274 421 1314; x_wconf 91' lang='lat' dir='ltr'>in</span> <span class='ocrx_word' id='word_1_116' title='bbox 458 1274 730 1316; x_wconf 43' lang='lat' dir='ltr'>Delessersieols</span> <span class='ocrx_word' id='word_1_117' title='bbox 750 1299 807 1302; x_wconf 86' lang='lat'>—</span> <span class='ocrx_word' id='word_1_118' title='bbox 830 1273 1043 1314; x_wconf 89' lang='lat' dir='ltr'>nimirum</span> <span class='ocrx_word' id='word_1_119' title='bbox 1079 1273 1355 1314; x_wconf 79' lang='lat' dir='ltr'>characteres</span> <span class='ocrx_word' id='word_1_120' title='bbox 1388 1273 1444 1314; x_wconf 87' lang='lat' dir='ltr'>ab</span> <span class='ocrx_word' id='word_1_121' title='bbox 1478 1287 1527 1314; x_wconf 83' lang='lat' dir='ltr'>eo</span> <span class='ocrx_word' id='word_1_122' title='bbox 1552 1273 1774 1328; x_wconf 56' lang='lat' dir='ltr'>principue</span> 
     </span>
     <span class='ocr_line' id='line_1_18' title="bbox 209 1344 1775 1401; baseline -0.001 -15"><span class='ocrx_word' id='word_1_123' title='bbox 209 1345 454 1401; x_wconf 85' lang='lat' dir='ltr'>pendentes</span> <span class='ocrx_word' id='word_1_124' title='bbox 497 1346 651 1400; x_wconf 84' lang='lat' dir='ltr'>putavi</span> <span class='ocrx_word' id='word_1_125' title='bbox 685 1344 804 1400; x_wconf 84' lang='lat' dir='ltr'>quod</span> <span class='ocrx_word' id='word_1_126' title='bbox 838 1344 1008 1386; x_wconf 70' lang='lat' dir='ltr'>cellulae</span> <span class='ocrx_word' id='word_1_127' title='bbox 1041 1344 1214 1385; x_wconf 69' lang='lat' dir='ltr'>frondis</span> <span class='ocrx_word' id='word_1_128' title='bbox 1248 1345 1291 1385; x_wconf 88' lang='lat' dir='ltr'>in</span> <span class='ocrx_word' id='word_1_129' title='bbox 1329 1344 1595 1399; x_wconf 65' lang='lat' dir='ltr'>Ne&#39;tophyllis</span> <span class='ocrx_word' id='word_1_130' title='bbox 1628 1358 1775 1399; x_wconf 87' lang='lat' dir='ltr'>super-</span> 
     </span>
     <span class='ocr_line' id='line_1_19' title="bbox 208 1415 1775 1472; baseline 0 -16"><span class='ocrx_word' id='word_1_131' title='bbox 208 1418 365 1472; x_wconf 63' lang='lat' dir='ltr'>posita»,</span> <span class='ocrx_word' id='word_1_132' title='bbox 399 1422 683 1472; x_wconf 79' lang='lat' dir='ltr'>generantur,</span> <span class='ocrx_word' id='word_1_133' title='bbox 717 1416 761 1457; x_wconf 92' lang='lat' dir='ltr'>in</span> <span class='ocrx_word' id='word_1_134' title='bbox 796 1416 1067 1458; x_wconf 55' lang='lat' dir='ltr'>Delesserieis</span> <span class='ocrx_word' id='word_1_135' title='bbox 1101 1430 1204 1457; x_wconf 80' lang='lat' dir='ltr'>vero</span> <span class='ocrx_word' id='word_1_136' title='bbox 1240 1415 1340 1471; x_wconf 87' lang='lat' dir='ltr'>plus</span> <span class='ocrx_word' id='word_1_137' title='bbox 1364 1416 1513 1456; x_wconf 88' lang='lat' dir='ltr'>minus</span> <span class='ocrx_word' id='word_1_138' title='bbox 1536 1416 1775 1470; x_wconf 86' lang='lat' dir='ltr'>conspicue</span> 
     </span>
     <span class='ocr_line' id='line_1_20' title="bbox 208 1487 1776 1542; baseline -0.002 -12"><span class='ocrx_word' id='word_1_139' title='bbox 208 1488 481 1531; x_wconf 85' lang='lat' dir='ltr'>alternantes</span> <span class='ocrx_word' id='word_1_140' title='bbox 513 1489 558 1529; x_wconf 91' lang='lat' dir='ltr'>in</span> <span class='ocrx_word' id='word_1_141' title='bbox 593 1488 854 1530; x_wconf 86' lang='lat' dir='ltr'>cellularum</span> <span class='ocrx_word' id='word_1_142' title='bbox 889 1488 1038 1529; x_wconf 86' lang='lat' dir='ltr'>stratis</span> <span class='ocrx_word' id='word_1_143' title='bbox 1071 1487 1258 1529; x_wconf 88' lang='lat' dir='ltr'>diversis</span> <span class='ocrx_word' id='word_1_144' title='bbox 1281 1514 1335 1517; x_wconf 89' lang='lat'>-—</span> <span class='ocrx_word' id='word_1_145' title='bbox 1369 1487 1533 1542; x_wconf 85' lang='lat' dir='ltr'>quibus</span> <span class='ocrx_word' id='word_1_146' title='bbox 1568 1487 1776 1528; x_wconf 85' lang='lat' dir='ltr'>interiora</span> 
     </span>
     <span class='ocr_line' id='line_1_21' title="bbox 209 1558 1771 1615; baseline -0.001 -14"><span class='ocrx_word' id='word_1_147' title='bbox 209 1560 502 1602; x_wconf 83' lang='lat' dir='ltr'>exterioribus</span> <span class='ocrx_word' id='word_1_148' title='bbox 546 1565 768 1615; x_wconf 83' lang='lat' dir='ltr'>teguntur.</span> <span class='ocrx_word' id='word_1_149' title='bbox 839 1559 1002 1601; x_wconf 75' lang='lat' dir='ltr'>Eodem</span> <span class='ocrx_word' id='word_1_150' title='bbox 1042 1558 1173 1600; x_wconf 87' lang='lat' dir='ltr'>modo</span> <span class='ocrx_word' id='word_1_151' title='bbox 1207 1564 1363 1614; x_wconf 82' lang='lat' dir='ltr'>typum</span> <span class='ocrx_word' id='word_1_152' title='bbox 1399 1558 1582 1600; x_wconf 85' lang='lat' dir='ltr'>indicari</span> <span class='ocrx_word' id='word_1_153' title='bbox 1622 1559 1771 1614; x_wconf 76' lang='lat' dir='ltr'>putavi</span> 
     </span>
     <span class='ocr_line' id='line_1_22' title="bbox 207 1630 1774 1687; baseline -0.001 -14"><span class='ocrx_word' id='word_1_154' title='bbox 207 1632 288 1673; x_wconf 87' lang='lat' dir='ltr'>sibi</span> <span class='ocrx_word' id='word_1_155' title='bbox 340 1632 569 1687; x_wconf 86' lang='lat' dir='ltr'>proprium</span> <span class='ocrx_word' id='word_1_156' title='bbox 613 1632 658 1672; x_wconf 89' lang='lat' dir='ltr'>in</span> <span class='ocrx_word' id='word_1_157' title='bbox 704 1632 1010 1685; x_wconf 61' lang='lat' dir='ltr'>Botrgsocmym,</span> <span class='ocrx_word' id='word_1_158' title='bbox 1050 1631 1294 1673; x_wconf 60' lang='lat' dir='ltr'>Ulmus-ema</span> <span class='ocrx_word' id='word_1_159' title='bbox 1328 1630 1534 1685; x_wconf 80' lang='lat' dir='ltr'>(qualiter</span> <span class='ocrx_word' id='word_1_160' title='bbox 1566 1630 1648 1672; x_wconf 84' lang='lat' dir='ltr'>hoc</span> <span class='ocrx_word' id='word_1_161' title='bbox 1682 1630 1774 1671; x_wconf 86' lang='lat' dir='ltr'>loco</span> 
     </span>
     <span class='ocr_line' id='line_1_23' title="bbox 208 1702 1773 1757; baseline -0.001 -13"><span class='ocrx_word' id='word_1_162' title='bbox 208 1703 360 1745; x_wconf 81' lang='lat' dir='ltr'>Genus</span> <span class='ocrx_word' id='word_1_163' title='bbox 395 1703 679 1744; x_wconf 86' lang='lat' dir='ltr'>limitandum</span> <span class='ocrx_word' id='word_1_164' title='bbox 716 1703 886 1757; x_wconf 71' lang='lat' dir='ltr'>putavi)</span> <span class='ocrx_word' id='word_1_165' title='bbox 918 1702 1165 1743; x_wconf 79' lang='lat' dir='ltr'>indicatum</span> <span class='ocrx_word' id='word_1_166' title='bbox 1191 1702 1405 1743; x_wconf 87' lang='lat' dir='ltr'>nimirum</span> <span class='ocrx_word' id='word_1_167' title='bbox 1430 1702 1598 1743; x_wconf 85' lang='lat' dir='ltr'>cellulis</span> <span class='ocrx_word' id='word_1_168' title='bbox 1622 1716 1773 1742; x_wconf 85' lang='lat' dir='ltr'>earun-</span> 
     </span>
     <span class='ocr_line' id='line_1_24' title="bbox 209 1773 1771 1830; baseline 0 -17"><span class='ocrx_word' id='word_1_169' title='bbox 209 1774 311 1816; x_wconf 85' lang='lat' dir='ltr'>‹lem</span> <span class='ocrx_word' id='word_1_170' title='bbox 360 1775 550 1830; x_wconf 88' lang='lat' dir='ltr'>propriis</span> <span class='ocrx_word' id='word_1_171' title='bbox 598 1775 868 1830; x_wconf 75' lang='lat' dir='ltr'>permagnis,</span> <span class='ocrx_word' id='word_1_172' title='bbox 918 1775 1043 1828; x_wconf 77' lang='lat' dir='ltr'>quasi</span> <span class='ocrx_word' id='word_1_173' title='bbox 1087 1773 1271 1815; x_wconf 80' lang='lat' dir='ltr'>obtectis</span> <span class='ocrx_word' id='word_1_174' title='bbox 1305 1778 1544 1829; x_wconf 81' lang='lat' dir='ltr'>systemate</span> <span class='ocrx_word' id='word_1_175' title='bbox 1578 1773 1771 1827; x_wconf 81' lang='lat' dir='ltr'>quodam</span> 
     </span>
     <span class='ocr_line' id='line_1_25' title="bbox 209 1845 1772 1901; baseline -0.002 -14"><span class='ocrx_word' id='word_1_176' title='bbox 209 1846 467 1888; x_wconf 85' lang='lat' dir='ltr'>cellularum</span> <span class='ocrx_word' id='word_1_177' title='bbox 512 1847 752 1896; x_wconf 90' lang='lat' dir='ltr'>minorum,</span> <span class='ocrx_word' id='word_1_178' title='bbox 799 1846 943 1901; x_wconf 83' lang='lat' dir='ltr'>spatia</span> <span class='ocrx_word' id='word_1_179' title='bbox 978 1846 1092 1887; x_wconf 89' lang='lat' dir='ltr'>inter</span> <span class='ocrx_word' id='word_1_180' title='bbox 1124 1845 1306 1887; x_wconf 86' lang='lat' dir='ltr'>cellulas</span> <span class='ocrx_word' id='word_1_181' title='bbox 1339 1859 1526 1900; x_wconf 79' lang='lat' dir='ltr'>magnas</span> <span class='ocrx_word' id='word_1_182' title='bbox 1559 1858 1772 1899; x_wconf 86' lang='lat' dir='ltr'>occupan-</span> 
     </span>
     <span class='ocr_line' id='line_1_26' title="bbox 206 1916 1775 1972; baseline -0.001 -14"><span class='ocrx_word' id='word_1_183' title='bbox 206 1917 332 1959; x_wconf 86' lang='lat' dir='ltr'>tium.</span> <span class='ocrx_word' id='word_1_184' title='bbox 402 1918 459 1959; x_wconf 72' lang='lat' dir='ltr'>Et</span> <span class='ocrx_word' id='word_1_185' title='bbox 493 1917 760 1959; x_wconf 85' lang='lat' dir='ltr'>ducentibus</span> <span class='ocrx_word' id='word_1_186' title='bbox 793 1917 993 1972; x_wconf 80' lang='lat' dir='ltr'>analogis</span> <span class='ocrx_word' id='word_1_187' title='bbox 1026 1917 1368 1967; x_wconf 84' lang='lat' dir='ltr'>characteribus,</span> <span class='ocrx_word' id='word_1_188' title='bbox 1404 1917 1449 1957; x_wconf 90' lang='lat' dir='ltr'>in</span> <span class='ocrx_word' id='word_1_189' title='bbox 1484 1916 1775 1969; x_wconf 60' lang='lat' dir='ltr'>Neurogslossis</span> 
     </span>
     <span class='ocr_line' id='line_1_27' title="bbox 208 1986 1774 2031; baseline -0.001 -1"><span class='ocrx_word' id='word_1_190' title='bbox 208 1992 251 2030; x_wconf 84' lang='lat' dir='ltr'>et</span> <span class='ocrx_word' id='word_1_191' title='bbox 285 1989 490 2031; x_wconf 57' lang='lat' dir='ltr'>Pteridiss</span> <span class='ocrx_word' id='word_1_192' title='bbox 522 1986 924 2030; x_wconf 82' lang='lat' dir='ltr'>characteristicam</span> <span class='ocrx_word' id='word_1_193' title='bbox 959 1992 1226 2030; x_wconf 82' lang='lat' dir='ltr'>structuram</span> <span class='ocrx_word' id='word_1_194' title='bbox 1264 1987 1436 2029; x_wconf 73' lang='lat' dir='ltr'>frondis</span> <span class='ocrx_word' id='word_1_195' title='bbox 1470 1988 1513 2028; x_wconf 90' lang='lat' dir='ltr'>in</span> <span class='ocrx_word' id='word_1_196' title='bbox 1548 2001 1598 2028; x_wconf 89' lang='lat' dir='ltr'>eo</span> <span class='ocrx_word' id='word_1_197' title='bbox 1632 1987 1774 2029; x_wconf 87' lang='lat' dir='ltr'>obser-</span> 
     </span>
     <span class='ocr_line' id='line_1_28' title="bbox 208 2059 1775 2115; baseline -0.002 -13"><span class='ocrx_word' id='word_1_198' title='bbox 208 2074 312 2102; x_wconf 89' lang='lat' dir='ltr'>vare</span> <span class='ocrx_word' id='word_1_199' title='bbox 346 2059 526 2109; x_wconf 88' lang='lat' dir='ltr'>credidi,</span> <span class='ocrx_word' id='word_1_200' title='bbox 562 2060 680 2115; x_wconf 82' lang='lat' dir='ltr'>quod</span> <span class='ocrx_word' id='word_1_201' title='bbox 705 2059 873 2101; x_wconf 78' lang='lat' dir='ltr'>cellulae</span> <span class='ocrx_word' id='word_1_202' title='bbox 898 2059 1119 2115; x_wconf 69' lang='lat' dir='ltr'>primariae</span> <span class='ocrx_word' id='word_1_203' title='bbox 1143 2059 1313 2100; x_wconf 83' lang='lat' dir='ltr'>frondis</span> <span class='ocrx_word' id='word_1_204' title='bbox 1337 2059 1464 2114; x_wconf 80' lang='lat' dir='ltr'>quasi</span> <span class='ocrx_word' id='word_1_205' title='bbox 1489 2059 1775 2099; x_wconf 81' lang='lat' dir='ltr'>continentur</span> 
     </span>
     <span class='ocr_line' id='line_1_29' title="bbox 207 2129 1771 2186; baseline -0.001 -14"><span class='ocrx_word' id='word_1_206' title='bbox 207 2136 343 2173; x_wconf 86' lang='lat' dir='ltr'>strato</span> <span class='ocrx_word' id='word_1_207' title='bbox 392 2132 573 2186; x_wconf 87' lang='lat' dir='ltr'>proprio</span> <span class='ocrx_word' id='word_1_208' title='bbox 616 2131 941 2181; x_wconf 88' lang='lat' dir='ltr'>intercellulari,</span> <span class='ocrx_word' id='word_1_209' title='bbox 977 2131 1158 2172; x_wconf 89' lang='lat' dir='ltr'>demum</span> <span class='ocrx_word' id='word_1_210' title='bbox 1192 2131 1236 2171; x_wconf 88' lang='lat' dir='ltr'>in</span> <span class='ocrx_word' id='word_1_211' title='bbox 1274 2131 1348 2172; x_wconf 85' lang='lat' dir='ltr'>fila</span> <span class='ocrx_word' id='word_1_212' title='bbox 1380 2129 1771 2177; x_wconf 82' lang='lat' dir='ltr'>anastomosantia,</span> 
     </span>
     <span class='ocr_line' id='line_1_30' title="bbox 207 2201 1770 2257; baseline -0.001 -15"><span class='ocrx_word' id='word_1_213' title='bbox 207 2203 443 2257; x_wconf 84' lang='lat' dir='ltr'>primarias</span> <span class='ocrx_word' id='word_1_214' title='bbox 491 2203 670 2244; x_wconf 88' lang='lat' dir='ltr'>cellulas</span> <span class='ocrx_word' id='word_1_215' title='bbox 718 2203 1005 2244; x_wconf 87' lang='lat' dir='ltr'>circumcirca</span> <span class='ocrx_word' id='word_1_216' title='bbox 1054 2202 1299 2244; x_wconf 86' lang='lat' dir='ltr'>ambientia</span> <span class='ocrx_word' id='word_1_217' title='bbox 1347 2202 1536 2243; x_wconf 89' lang='lat' dir='ltr'>evoluto.</span> <span class='ocrx_word' id='word_1_218' title='bbox 1608 2201 1770 2249; x_wconf 82' lang='lat' dir='ltr'>Oritur,</span> 
     </span>
     <span class='ocr_line' id='line_1_31' title="bbox 208 2271 1772 2325; baseline -0.001 -11"><span class='ocrx_word' id='word_1_219' title='bbox 208 2274 251 2314; x_wconf 91' lang='lat' dir='ltr'>ni</span> <span class='ocrx_word' id='word_1_220' title='bbox 303 2274 446 2325; x_wconf 84' lang='lat' dir='ltr'>fallor,</span> <span class='ocrx_word' id='word_1_221' title='bbox 496 2275 580 2316; x_wconf 92' lang='lat' dir='ltr'>hoc</span> <span class='ocrx_word' id='word_1_222' title='bbox 626 2279 812 2316; x_wconf 86' lang='lat' dir='ltr'>stratum</span> <span class='ocrx_word' id='word_1_223' title='bbox 847 2274 902 2316; x_wconf 85' lang='lat' dir='ltr'>ab</span> <span class='ocrx_word' id='word_1_224' title='bbox 936 2274 1062 2315; x_wconf 89' lang='lat' dir='ltr'>initio</span> <span class='ocrx_word' id='word_1_225' title='bbox 1100 2273 1471 2323; x_wconf 86' lang='lat' dir='ltr'>anastomosibus,</span> <span class='ocrx_word' id='word_1_226' title='bbox 1506 2272 1561 2314; x_wconf 88' lang='lat' dir='ltr'>ab</span> <span class='ocrx_word' id='word_1_227' title='bbox 1596 2286 1686 2313; x_wconf 92' lang='lat' dir='ltr'>una</span> <span class='ocrx_word' id='word_1_228' title='bbox 1717 2271 1772 2313; x_wconf 88' lang='lat' dir='ltr'>ad</span> 
     </span>
     <span class='ocr_line' id='line_1_32' title="bbox 208 2344 1774 2399; baseline -0.001 -13"><span class='ocrx_word' id='word_1_229' title='bbox 208 2346 391 2387; x_wconf 84' lang='lat' dir='ltr'>alteram</span> <span class='ocrx_word' id='word_1_230' title='bbox 441 2345 645 2387; x_wconf 87' lang='lat' dir='ltr'>cellulam</span> <span class='ocrx_word' id='word_1_231' title='bbox 696 2345 1066 2396; x_wconf 83' lang='lat' dir='ltr'>excrescentibus,</span> <span class='ocrx_word' id='word_1_232' title='bbox 1109 2345 1273 2399; x_wconf 81' lang='lat' dir='ltr'>quibus</span> <span class='ocrx_word' id='word_1_233' title='bbox 1306 2345 1367 2386; x_wconf 85' lang='lat' dir='ltr'>ita</span> <span class='ocrx_word' id='word_1_234' title='bbox 1397 2344 1651 2399; x_wconf 82' lang='lat' dir='ltr'>junguntur</span> <span class='ocrx_word' id='word_1_235' title='bbox 1683 2356 1774 2384; x_wconf 86' lang='lat' dir='ltr'>una</span> 
     </span>
     <span class='ocr_line' id='line_1_33' title="bbox 208 2414 1771 2472; baseline -0.002 -15"><span class='ocrx_word' id='word_1_236' title='bbox 208 2416 367 2458; x_wconf 81' lang='lat' dir='ltr'>cellula</span> <span class='ocrx_word' id='word_1_237' title='bbox 414 2431 515 2458; x_wconf 91' lang='lat' dir='ltr'>cum</span> <span class='ocrx_word' id='word_1_238' title='bbox 563 2417 649 2458; x_wconf 88' lang='lat' dir='ltr'>alia</span> <span class='ocrx_word' id='word_1_239' title='bbox 681 2417 875 2472; x_wconf 74' lang='lat' dir='ltr'>quadam</span> <span class='ocrx_word' id='word_1_240' title='bbox 912 2417 1070 2459; x_wconf 86' lang='lat' dir='ltr'>vicina.</span> <span class='ocrx_word' id='word_1_241' title='bbox 1137 2416 1197 2457; x_wconf 92' lang='lat' dir='ltr'>Ut</span> <span class='ocrx_word' id='word_1_242' title='bbox 1230 2415 1398 2457; x_wconf 80' lang='lat' dir='ltr'>cellulae</span> <span class='ocrx_word' id='word_1_243' title='bbox 1431 2414 1653 2470; x_wconf 61' lang='lat' dir='ltr'>primaria}</span> <span class='ocrx_word' id='word_1_244' title='bbox 1687 2428 1771 2455; x_wconf 87' lang='lat' dir='ltr'>ma-</span> 
     </span>
     <span class='ocr_line' id='line_1_34' title="bbox 209 2485 1771 2541; baseline -0.001 -14"><span class='ocrx_word' id='word_1_245' title='bbox 209 2488 326 2541; x_wconf 87' lang='lat' dir='ltr'>jores</span> <span class='ocrx_word' id='word_1_246' title='bbox 359 2492 622 2530; x_wconf 83' lang='lat' dir='ltr'>excrescunt</span> <span class='ocrx_word' id='word_1_247' title='bbox 653 2494 695 2529; x_wconf 90' lang='lat' dir='ltr'>et</span> <span class='ocrx_word' id='word_1_248' title='bbox 728 2487 1079 2530; x_wconf 86' lang='lat' dir='ltr'>subdividuntur</span> <span class='ocrx_word' id='word_1_249' title='bbox 1111 2487 1156 2528; x_wconf 93' lang='lat' dir='ltr'>in</span> <span class='ocrx_word' id='word_1_250' title='bbox 1192 2501 1332 2528; x_wconf 85' lang='lat' dir='ltr'>novas</span> <span class='ocrx_word' id='word_1_251' title='bbox 1365 2485 1556 2535; x_wconf 88' lang='lat' dir='ltr'>cellulas,</span> <span class='ocrx_word' id='word_1_252' title='bbox 1598 2499 1677 2526; x_wconf 89' lang='lat' dir='ltr'>suo</span> <span class='ocrx_word' id='word_1_253' title='bbox 1710 2499 1771 2526; x_wconf 91' lang='lat'>01·-</span> 
     </span>
     <span class='ocr_line' id='line_1_35' title="bbox 211 2555 1772 2615; baseline -0.001 -18"><span class='ocrx_word' id='word_1_254' title='bbox 211 2558 314 2600; x_wconf 82' lang='lat' dir='ltr'>‹line</span> <span class='ocrx_word' id='word_1_255' title='bbox 348 2559 514 2601; x_wconf 84' lang='lat' dir='ltr'>divisas</span> <span class='ocrx_word' id='word_1_256' title='bbox 548 2564 590 2601; x_wconf 92' lang='lat' dir='ltr'>et</span> <span class='ocrx_word' id='word_1_257' title='bbox 621 2559 976 2615; x_wconf 71' lang='lat' dir='ltr'>grandescentes,</span> <span class='ocrx_word' id='word_1_258' title='bbox 1009 2572 1189 2613; x_wconf 78' lang='lat' dir='ltr'>quoque</span> <span class='ocrx_word' id='word_1_259' title='bbox 1212 2562 1517 2599; x_wconf 86' lang='lat' dir='ltr'>anastomoses</span> <span class='ocrx_word' id='word_1_260' title='bbox 1540 2555 1772 2612; x_wconf 83' lang='lat' dir='ltr'>primarias</span> 
     </span>
     <span class='ocr_line' id='line_1_36' title="bbox 210 2627 1771 2682; baseline -0.001 -13"><span class='ocrx_word' id='word_1_261' title='bbox 210 2630 253 2670; x_wconf 89' lang='lat' dir='ltr'>in</span> <span class='ocrx_word' id='word_1_262' title='bbox 305 2631 376 2672; x_wconf 78' lang='lat' dir='ltr'>iila</span> <span class='ocrx_word' id='word_1_263' title='bbox 423 2636 500 2672; x_wconf 89' lang='lat' dir='ltr'>aut</span> <span class='ocrx_word' id='word_1_264' title='bbox 549 2645 687 2673; x_wconf 82' lang='lat' dir='ltr'>novas</span> <span class='ocrx_word' id='word_1_265' title='bbox 736 2630 916 2672; x_wconf 77' lang='lat' dir='ltr'>cellulas</span> <span class='ocrx_word' id='word_1_266' title='bbox 955 2630 1188 2672; x_wconf 82' lang='lat' dir='ltr'>filiformes</span> <span class='ocrx_word' id='word_1_267' title='bbox 1221 2634 1263 2671; x_wconf 88' lang='lat' dir='ltr'>et</span> <span class='ocrx_word' id='word_1_268' title='bbox 1295 2628 1563 2671; x_wconf 83' lang='lat' dir='ltr'>reticulatim</span> <span class='ocrx_word' id='word_1_269' title='bbox 1595 2627 1771 2682; x_wconf 84' lang='lat' dir='ltr'>junctas</span> 
     </span>
     <span class='ocr_line' id='line_1_37' title="bbox 208 2698 1770 2751; baseline -0.001 -11"><span class='ocrx_word' id='word_1_270' title='bbox 208 2715 480 2751; x_wconf 71' lang='lat' dir='ltr'>excrescere,</span> <span class='ocrx_word' id='word_1_271' title='bbox 514 2716 741 2743; x_wconf 84' lang='lat' dir='ltr'>assumere</span> <span class='ocrx_word' id='word_1_272' title='bbox 774 2716 909 2743; x_wconf 83' lang='lat' dir='ltr'>ausus</span> <span class='ocrx_word' id='word_1_273' title='bbox 938 2716 1056 2751; x_wconf 89' lang='lat' dir='ltr'>sum;</span> <span class='ocrx_word' id='word_1_274' title='bbox 1097 2705 1140 2743; x_wconf 89' lang='lat' dir='ltr'>et</span> <span class='ocrx_word' id='word_1_275' title='bbox 1171 2701 1254 2742; x_wconf 91' lang='lat' dir='ltr'>hoc</span> <span class='ocrx_word' id='word_1_276' title='bbox 1286 2699 1418 2741; x_wconf 86' lang='lat' dir='ltr'>modo</span> <span class='ocrx_word' id='word_1_277' title='bbox 1452 2698 1555 2740; x_wconf 87' lang='lat' dir='ltr'>oriri</span> <span class='ocrx_word' id='word_1_278' title='bbox 1588 2702 1770 2740; x_wconf 86' lang='lat' dir='ltr'>structu-</span> 
     </span>
     <span class='ocr_line' id='line_1_38' title="bbox 210 2768 1770 2828; baseline -0.001 -17"><span class='ocrx_word' id='word_1_279' title='bbox 210 2786 302 2812; x_wconf 85' lang='lat' dir='ltr'>ram</span> <span class='ocrx_word' id='word_1_280' title='bbox 339 2786 492 2814; x_wconf 79' lang='lat' dir='ltr'>revera</span> <span class='ocrx_word' id='word_1_281' title='bbox 526 2772 769 2814; x_wconf 87' lang='lat' dir='ltr'>admodum</span> <span class='ocrx_word' id='word_1_282' title='bbox 804 2772 1088 2828; x_wconf 87' lang='lat' dir='ltr'>peculiarem,</span> <span class='ocrx_word' id='word_1_283' title='bbox 1122 2785 1259 2826; x_wconf 88' lang='lat' dir='ltr'>quam</span> <span class='ocrx_word' id='word_1_284' title='bbox 1291 2770 1424 2812; x_wconf 87' lang='lat' dir='ltr'>hodie</span> <span class='ocrx_word' id='word_1_285' title='bbox 1455 2769 1501 2810; x_wconf 91' lang='lat' dir='ltr'>in</span> <span class='ocrx_word' id='word_1_286' title='bbox 1524 2768 1645 2810; x_wconf 89' lang='lat' dir='ltr'>haud</span> <span class='ocrx_word' id='word_1_287' title='bbox 1668 2782 1770 2823; x_wconf 88' lang='lat' dir='ltr'>pau-</span> 
     </span>
     <span class='ocr_line' id='line_1_39' title="bbox 211 2840 1770 2899; baseline -0.001 -17"><span class='ocrx_word' id='word_1_288' title='bbox 211 2842 272 2883; x_wconf 84' lang='lat' dir='ltr'>cis</span> <span class='ocrx_word' id='word_1_289' title='bbox 305 2843 429 2897; x_wconf 81' lang='lat' dir='ltr'>Algis</span> <span class='ocrx_word' id='word_1_290' title='bbox 462 2844 570 2884; x_wconf 81' lang='lat' dir='ltr'>inihi</span> <span class='ocrx_word' id='word_1_291' title='bbox 607 2845 830 2899; x_wconf 86' lang='lat' dir='ltr'>cognitam</span> <span class='ocrx_word' id='word_1_292' title='bbox 866 2843 1028 2886; x_wconf 86' lang='lat' dir='ltr'>habere</span> <span class='ocrx_word' id='word_1_293' title='bbox 1062 2842 1228 2898; x_wconf 84' lang='lat' dir='ltr'>putavi.</span> <span class='ocrx_word' id='word_1_294' title='bbox 1294 2840 1435 2890; x_wconf 76' lang='lat' dir='ltr'>Quale</span> <span class='ocrx_word' id='word_1_295' title='bbox 1466 2840 1550 2881; x_wconf 90' lang='lat' dir='ltr'>hoc</span> <span class='ocrx_word' id='word_1_296' title='bbox 1582 2843 1770 2881; x_wconf 85' lang='lat' dir='ltr'>stratum</span> 
     </span>
    </p>
   </div>
  </div>
 </body>
</html>
