1875 3116
181 152 266 192 202
804 150 1119 192 DELEsSEmAE.
1500 152 1742 195 Halc'cm'de.

179 270 436 312 distinctam
485 274 702 325 putarem,
745 273 787 311 et
824 283 927 310 cum
961 269 1125 324 quibus
1159 269 1282 311 nulla
1314 270 1400 312 alia
1432 285 1601 326 organa
1633 285 1745 313 com-

179 340 380 396 paranda
422 340 540 391 novi,
576 341 661 382 nisi
695 341 875 382 cristam
908 341 954 382 in
991 341 1236 396 Nitophyzlo
1269 357 1384 384 eroso
1417 342 1744 397 cystocarpium

178 412 474 467 obtegentem,
511 412 845 467 quodammodo
878 413 1114 467 analogam
1150 412 1330 455 diceres.
1388 413 1538 468 Ipsam
1573 418 1744 456 costam

178 483 351 525 frondis
399 484 468 525 his
516 484 696 525 aciculis
745 485 968 539 praecipue
1016 484 1206 526 obsitam
1258 485 1367 535 vidi;
1418 485 1610 527 easdem⁷
1642 500 1746 528 vero

177 570 357 610 quoque
402 556 592 611 sparsim
631 570 766 610 supra
799 555 1014 597 laminam
1050 556 1223 597 frondis
1256 557 1570 612 provenientes
1603 557 1746 599 obser-

179 627 278 669 vavi
329 628 375 668 in
424 627 542 675 locis,
593 627 667 668 ubi
715 632 793 669 aut
830 628 1102 669 costularum
1138 628 1278 674 initia,
1313 632 1388 669 aut
1422 629 1575 670 forsan
1608 633 1746 684 cysto·

177 699 431 753 carpiorum
465 713 718 754 supponere
752 699 912 741 liceret.
963 699 1119 754 Ipsum
1153 700 1273 741 enim
1308 700 1608 755 pericarpium
1633 700 1745 755 ejus-

178 769 297 811 modi
331 770 512 811 aciculis
545 771 729 812 omnino
763 770 987 812 obtectum
1023 770 1137 813 vidi:
1188 771 1401 812 nimirum
1446 771 1743 827 pericarpium

176 840 438 883 cellularum
488 841 686 883 seriebus
736 841 938 896 plurimis
988 842 1116 897 quasi
1165 846 1416 884 extrorsum
1466 842 1745 884 radiantibus

175 917 448 963 contextum,
484 914 607 956 radio
641 929 915 970 unoquoque
948 914 1208 956 cellularum
1243 914 1288 955 in
1318 915 1533 957 aciculam
1559 914 1744 956 liberam

176 990 449 1027 excurrente.
674 991 679 995 ’

320 1055 357 1097 Α
402 1057 550 1099 medio
595 1057 738 1098 fundo
778 1058 914 1112 hujus
948 1058 1181 1113 peric-arpii
1218 1058 1422 1112 placenta
1454 1059 1641 1113 emergit
1674 1073 1743 1100 va.-

176 1127 284 1178 lida;
320 1128 467 1183 quoad
502 1143 631 1170 suam
665 1133 946 1179 structuram,
984 1129 1105 1172 velut
1138 1129 1286 1184 quoad
1321 1130 1546 1176 nucleum,
1581 1144 1607 1171 a
1635 1134 1740 1185 typo

175 1214 311 1254 quem
345 1200 477 1241 hodie
513 1200 795 1242 Delesserieis
829 1201 1021 1256 propriis
1054 1201 1463 1242 characteristicum
1495 1201 1743 1243 describere

177 1271 356 1313 molitus
389 1286 502 1321 sum,
537 1272 612 1314 vix
646 1273 885 1328 conspicue
920 1272 1107 1316 diversa.
1169 1273 1221 1314 In
1254 1273 1462 1314 inferiore
1496 1272 1743 1328 pericarpio

175 1343 352 1384 filorum
402 1344 632 1393 sterilium,
682 1348 848 1386 tectum
899 1358 1053 1386 versus
1102 1344 1338 1400 pericarpii
1372 1344 1741 1386 adscendentium

175 1414 353 1456 residua
401 1415 608 1470 quaedam
657 1415 893 1458 observare
942 1416 1122 1466 credidi,
1174 1416 1325 1471 qualia
1372 1416 1417 1457 in
1466 1416 1742 1471 cystocarpio

172 1485 350 1540 juniore
398 1485 718 1528 nonnullarum
768 1486 1026 1541 Specierum
1076 1486 1182 1537 vidi,
1232 1501 1333 1542 qua>
1381 1487 1545 1528 indicia
1589 1487 1741 1529 forsan

174 1557 322 1612 potius
368 1557 559 1612 junioris
607 1557 875 1600 evolutionis
925 1558 1055 1600 stadii
1096 1559 1262 1614 putavi,
1299 1572 1434 1613 quam
1469 1559 1561 1614 typi
1597 1558 1739 1613 cujus-

174 1629 277 1670 dam
311 1629 491 1684 proprii.
556 1629 609 1670 In
643 1630 740 1685 ipsa
772 1644 876 1672 vero
912 1629 1056 1671 nuclei
1090 1630 1362 1672 formatione
1395 1634 1555 1686 typum
1594 1629 1739 1672 Deles-

173 1700 310 1748 seriae,
338 1715 418 1743 nec
446 1700 708 1755 Nitophylli,
744 1715 1056 1756 recognoscere
1090 1700 1268 1744 credidi.
1321 1701 1465 1757 Supra
1487 1702 1738 1756 placentam

173 1776 241 1813 sat
282 1772 522 1827 conspicue
565 1772 784 1815 elevatam
818 1777 860 1815 et
892 1773 937 1814 in
973 1787 1118 1815 ramos
1154 1773 1303 1828 plures
1337 1772 1613 1815 subdivisam
1649 1772 1740 1815 vidi

174 1844 247 1884 fila
293 1844 626 1899 gemmidiifera
673 1844 801 1899 quasi
847 1844 1121 1900 thyrsoidea3
1158 1859 1318 1900 nempe
1352 1859 1479 1887 secus
1513 1844 1740 1886 rachidem

174 1916 400 1971 paulisper
449 1916 692 1958 flexuosam
741 1916 1034 1966 articulatam,
1085 1917 1281 1958 articulis
1330 1916 1524 1959 invicem
1569 1921 1739 1958 anasto-

174 1987 373 2029 mosibus
405 1988 670 2043 conjunctis,
706 1987 796 2030 vidi
830 1988 1076 2043 gemmidia
1109 1988 1331 2043 pinnatim
1366 1987 1592 2043 disposita,
1620 2002 1738 2029 nunc

173 2058 363 2113 singula,
410 2073 530 2100 nunc
573 2060 618 2100 111
652 2060 826 2100 ramulo
859 2060 1080 2101 conformi
1116 2058 1255 2114 plura,
1291 2059 1425 2101 simili
1461 2058 1592 2100 modo
1625 2073 1739 2101 com-

174 2129 329 2184 posita,
363 2130 619 2184 gemmidiis
652 2131 761 2185 ipsis
794 2130 1009 2173 obovatis.

316 2201 519 2243 Eandem
569 2216 749 2257 quoque
796 2202 943 2243 ideam
994 2202 1047 2244 de
1095 2202 1328 2251 affinitate,
1379 2216 1433 2243 ex
1482 2205 1739 2256 comparata

173 2278 395 2315 structura
426 2273 598 2315 frondis
631 2273 849 2315 deducere
883 2288 1018 2316 ausus
1053 2288 1172 2323 sum;
1208 2278 1361 2328 utpote
1394 2273 1631 2315 exteriores
1659 2272 1736 2315 cel-

174 2345 285 2387 lulas
329 2345 502 2386 frondis
542 2359 645 2386 cum
679 2345 964 2387 interioribus
998 2344 1331 2400 quodammodo
1365 2344 1634 2386 alternantes
1667 2344 1737 2386 ob-

173 2431 349 2459 servare
382 2415 568 2457 credidi:

316 2487 448 2535 Quod
496 2502 598 2530 vero
633 2487 742 2528 mihi
776 2488 820 2529 in
856 2488 938 2529 hoc
971 2492 1077 2542 typo
1113 2488 1393 2542 potissimum
1428 2486 1734 2529 adnotandum

173 2559 392 2614 adparuit,
442 2558 487 2599 id
536 2573 588 2600 ex
638 2559 781 2600 forma
828 2563 871 2600 et
915 2562 1137 2600 structura
1181 2558 1568 2613 sporophyllorum
1605 2557 1735 2599 dedu-

173 2630 365 2672 cendum
416 2631 582 2685 putavi.
650 2630 766 2671 Dum
817 2630 1032 2672 nimirum
1079 2630 1122 2671 111
1167 2630 1323 2671 fronde
1369 2630 1516 2679 sterili,
1552 2634 1594 2672 et
1627 2629 1735 2684 quin

177 2702 312 2742 immo
355 2715 535 2755 quoque
575 2701 620 2742 in
655 2701 811 2743 fronde
844 2702 1120 2756 cystocarpia
1152 2705 1344 2756 gerente,
1377 2701 1599 2755 margines
1622 2701 1734 2741 fron-

174 2771 241 2812 dis
276 2772 404 2813 facile
439 2772 606 2814 diceres
640 2772 714 2814 vix
749 2773 988 2827 conspicue
1021 2776 1221 2821 serratos,
1257 2772 1383 2813 aliter
1416 2772 1599 2813 omnino
1624 2786 1735 2813 mar-

174 2843 299 2895 gines
335 2843 375 2883 in
414 2843 566 2897 planta
600 2844 1008 2898 spbwrosporifera
1052 2844 1142 2884 suis
1175 2843 1484 2898 appendiculis
1519 2842 1734 2896 margina-

175 2912 289 2953 libus
338 2914 516 2969 proprio
565 2914 698 2956 modo
746 2919 925 2957 ornatos
974 2914 1153 2956 diceres.
1219 2913 1319 2967 Quo
1367 2913 1609 2955 maturiora
1640 2913 1734 2957 haec

1866 0 1875 180 l
