1875 3116
229 74 313 114 236
883 70 1138 111 Pvrssmmffl.
1538 70 1789 124 Caloylossa.

228 206 314 246 que
362 191 407 231 in
450 189 705 244 Caloglossa
749 203 959 243 suprema
991 187 1245 243 gemmidia,
1282 189 1409 243 quasi
1443 203 1468 230 a
1500 188 1691 232 vinculis
1726 202 1792 229 so-

229 262 333 311 luta,
384 275 519 316 supra
566 260 802 302 fasciculos
849 259 996 301 adhuc
1044 259 1294 301 inevolutos
1342 259 1388 300 in
1427 274 1636 315 suprema
1668 263 1792 314 parte

229 332 493 387 cystocarpii
540 331 792 373 nidulantia
840 330 943 381 vidi,
995 331 1090 385 ipsa
1139 344 1218 372 sua
1257 331 1403 372 forma
1435 330 1793 385 subgloboso-ob-

230 410 361 446 ovata
393 417 520 444 suam
553 402 822 444 affinitatem
855 416 957 444 cum
991 401 1088 443 aliis
1122 401 1380 443 Delesseriis
1412 401 1632 444 testantia.
1684 401 1794 442 Mihi

230 475 376 530 igitur,
412 488 493 515 nec
527 472 917 528 Cystocarpiorum
941 476 1162 514 structura
1184 472 1411 523 suadente,
1438 472 1668 527 quendam
1691 487 1791 514 cun]

231 545 529 588 Sarcomeniis
562 544 830 586 affinitatem
864 543 1141 599 Oaloglossas
1165 543 1364 599 prodere,
1388 544 1615 585 monuisse
1638 543 1793 599 placet.

374 617 507 667 Quod
555 616 749 672 denique
796 617 955 658 attinet
1003 615 1180 671 Species
1229 615 1506 670 Caloglossae,
1551 614 1796 657 hodiedum

230 690 450 739 inventas,
496 688 676 730 easdem
715 702 768 730 ex
801 687 1047 730 admodum
1081 687 1267 729 diversis
1300 687 1406 729 locis
1441 686 1663 728 natalibus
1697 700 1796 741 pro-

232 761 461 803 venientes
494 760 652 810 habui;
693 760 773 801 has
806 763 956 801 autem
988 759 1183 801 invicem
1217 758 1479 806 simillimas,
1514 771 1794 812 quamquam

233 848 255 875 e
288 832 602 875 diversissimis
634 831 741 873 locis
774 830 997 872 natalibus
1040 830 1367 886 provenientes,
1409 829 1518 871 alias
1551 828 1797 870 admodum

235 905 443 955 minutas,
478 904 586 945 alias
619 903 859 958 conspicue
892 907 937 943 at
969 916 1129 957 parum
1162 901 1366 956 majores.
1424 900 1523 949 Quo
1556 900 1654 955 jure
1689 900 1797 941 alias

232 977 395 1018 harum
443 974 621 1030 Species
670 974 871 1029 proprias
920 973 1074 1015 sistere
1122 977 1350 1027 putarunt,
1391 971 1487 1013 aliis
1521 986 1575 1013 ex
1609 971 1795 1014 diversis

234 1047 340 1089 locis
390 1046 612 1088 natalibus
661 1044 1029 1100 provenientibus
1077 1043 1133 1085 ad
1175 1043 1364 1085 eandem
1399 1043 1601 1098 Speciem
1635 1042 1798 1092 relatis,

234 1119 278 1160 id
326 1119 458 1161 hodie
507 1119 582 1161 vix
624 1116 966 1173 dijudicandum
1001 1120 1218 1171 putarem,
1253 1115 1338 1157 nisi
1372 1115 1648 1156 accuratiore
1684 1114 1800 1155 facto

236 1191 534 1247 speciminum
582 1189 809 1239 examine;
860 1188 895 1229 si
944 1186 1110 1228 eaedem
1161 1185 1338 1241 Species
1386 1185 1434 1226 in
1467 1185 1536 1227 his
1570 1185 1739 1235 formis,
1775 1198 1801 1226 a

236 1262 422 1305 diversis
469 1260 575 1303 locis
621 1259 844 1302 natalibus
882 1257 1249 1314 provenientibus
1281 1255 1650 1311 recognoscendae
1685 1255 1800 1298 vide-

235 1339 401 1383 rentur,
452 1347 567 1388 {egre
608 1331 719 1373 mihi
758 1329 1075 1386 explicandum
1110 1329 1335 1371 videretur
1367 1327 1593 1383 quomodo
1625 1327 1687 1368 ita
1719 1326 1800 1368 dis-

236 1420 376 1462 persae
419 1405 604 1454 fuerint3
649 1403 685 1445 si
717 1407 871 1444 contra
904 1401 1082 1456 Species
1117 1400 1314 1443 diversas
1348 1403 1539 1454 putares,
1576 1399 1655 1440 has
1695 1412 1801 1439 sane

237 1492 364 1533 aegre,
415 1481 457 1518 et
504 1475 579 1518 vix
628 1474 712 1516 nisi
762 1472 1030 1528 comparatis
1079 1471 1377 1527 speciminum
1420 1469 1617 1512 seriebus
1653 1468 1801 1524 quoad

238 1564 341 1591 suos
394 1548 669 1589 characteres
720 1543 1045 1600 dignoscendas
1108 1548 1325 1598 putarem.
1401 1541 1656 1597 Specimina
1713 1540 1802 1582 vidi

240 1620 506 1662 Americana
554 1623 596 1660 et
644 1617 782 1659 Novae
832 1615 1097 1664 Hollandiae,
1143 1629 1165 1655 e
1209 1613 1404 1668 Ceylona
1437 1617 1480 1654 et
1512 1612 1663 1654 Africa
1695 1611 1802 1653 occi-

240 1691 418 1740 dentali,
460 1690 570 1732 soris
610 1690 825 1730 instructa
864 1691 906 1729 et
938 1686 1105 1729 sterilia
1137 1684 1407 1740 comparavi,
1442 1689 1487 1725 at
1520 1683 1668 1738 quoad
1705 1683 1801 1725 cha-

238 1769 429 1806 racteres
462 1763 523 1805 ita
555 1760 848 1815 congruentia
881 1762 929 1799 ut
961 1771 1181 1812 quasnam
1215 1755 1393 1811 Species
1426 1754 1657 1796 distinctas
1688 1753 1802 1809 judi-

240 1849 400 1882 carem„
451 1847 566 1888 aegre
615 1845 721 1874 sane
770 1831 974 1872 dicerem.
1040 1829 1088 1869 In
1138 1829 1286 1869 forma
1324 1840 1469 1882 nuper
1506 1825 1588 1867 sub
1622 1826 1803 1867 nomine

240 1906 488 1949 Delessmvfoe
523 1903 877 1946 szz=cssbccr1276n3173
911 1901 1020 1942 mihi
1055 1900 1201 1949 missa,
1238 1913 1376 1953 quam
1409 1898 1519 1940 soris
1543 1901 1586 1938 et
1608 1901 1700 1938 tota
1723 1910 1804 1938 sua

242 1983 464 2021 structura
505 1991 608 2018 cum
653 1975 749 2016 aliis
784 1973 1025 2028 Speciebus
1059 1971 1324 2025 Caloglossae
1358 1969 1597 2011 convenire
1632 1967 1800 2024 putavi,

242 2050 335 2093 vidi
367 2049 547 2091 cellulas
579 2048 749 2089 alarum
784 2045 1009 2087 radiantes
1031 2047 1207 2085 tantum
1231 2043 1346 2083 4-6
1370 2041 1415 2081 in
1440 2040 1627 2095 singulis
1654 2038 1799 2084 radiis,

243 2122 351 2163 dum
385 2122 432 2162 in
466 2118 707 2175 Speciebus
741 2116 1007 2171 Caloglossae
1041 2114 1138 2156 aliis
1167 2114 1245 2155 has
1268 2112 1448 2154 cellulas
1472 2111 1644 2153 circiter
1667 2109 1802 2165 duplo

246 2192 572 2235 numerosiores
620 2188 875 2237 observavi;
926 2186 971 2227 in
1020 2185 1284 2240 Caloglossze
1333 2182 1487 2239 Specie
1525 2179 1801 2236 Ceylonensi,

245 2279 382 2320 quam
416 2263 471 2305 ob
495 2263 639 2303 locum
664 2259 860 2301 natalem
885 2258 1106 2299 Africanas
1130 2255 1379 2311 proximam
1404 2255 1556 2295 forsan
1580 2252 1804 2307 quispiam

246 2334 542 2393 supposuerit,
579 2336 847 2374 structuram
881 2329 1118 2371 convenire
1154 2327 1243 2369 virli
1277 2340 1379 2368 cum
1413 2325 1458 2366 (J.
1487 2322 1743 2379 Leprieurii.
