1875 3116
91 116 344 169 Caloylossa.
739 113 992 154 Pmfflmffi.
1564 110 1649 151 235

86 235 405 290 sphaerospOrae
458 234 574 275 intra
620 233 707 274 sori
754 231 934 274 cellulas
983 234 1330 272 maturescentes
1381 228 1642 277 obveniant,

86 306 166 348 has
213 305 364 346 forsan
413 305 638 360 quispiam
678 318 700 345 e
743 317 841 345 soro
884 302 1191 358 supposuisset
1222 300 1443 356 expulsas,
1479 313 1646 354 expan-

86 377 208 419 sione
256 390 421 425 earum,
472 389 572 430 quae
619 375 704 417 alio
743 379 941 430 tempore
975 376 1321 415 maturescentes
1354 374 1642 428 generantur.

86 447 374 503 Comparanti
406 446 542 501 igitur
573 446 684 487 mihi
717 446 859 500 ipsam
890 449 1159 486 structuram
1182 442 1355 485 frondis
1379 441 1643 496 Caloglossae

87 519 249 561 Generi
282 517 699 567 characteristicam,
733 517 849 558 hanc
882 515 1143 571 adparuisse
1177 514 1370 556 dicerem
1404 513 1543 554 multo
1577 526 1648 568 po—

86 589 173 632 tius
221 588 472 630 adfinitates
515 588 702 630 suadere
741 592 818 629 aut
849 601 951 628 cum
986 586 1278 640 Mem-oylossz‘s
1310 588 1387 627 aut
1420 598 1523 626 culn
1556 584 1645 626 Pte-

86 661 224 710 ricmis,
260 659 313 701 de
346 673 538 714 quarum
572 663 804 700 structurae
837 657 1039 712 analogia
1073 671 1208 712 supra
1240 656 1337 698 aliis
1370 655 1476 697 locis
1501 669 1648 697 meam

86 731 213 773 attuli
247 730 517 786 opinionem.
583 729 640 771 Et
671 729 754 771 hoc
789 733 988 784 respectu
1024 728 1171 769 adhuc
1204 727 1461 769 meminisse
1494 740 1650 781 oppor-

86 807 147 845 tet
197 802 437 856 Kutzingio
481 826 535 831 —
576 801 646 842 cui
695 800 971 842 characteres
1021 814 1047 840 a
1096 798 1451 840 fructificationis
1499 796 1648 838 indole

88 873 258 928 petitos,
292 873 468 927 ignotos
501 872 640 914 fuisse
673 875 794 927 patet
827 897 885 900 —
915 870 1010 925 jam
1043 869 1292 911 suboluisse
1327 868 1503 911 videtur
1536 868 1650 909 inter

87 945 262 986 Genera
306 943 423 985 dicta
466 943 780 998 congruentias
813 942 969 984 adesse
1004 967 1059 972 —
1093 945 1243 996 utpote
1277 941 1371 981 haec
1408 939 1560 981 omnia
1593 938 1648 980 ad

86 1015 206 1057 idem
239 1015 392 1057 Genus
425 1014 697 1070 Hypoglossi
730 1013 942 1055 retulerit.

230 1086 361 1135 Quod
410 1100 514 1129 vero
562 1085 746 1127 demum
794 1085 951 1126 attinet
998 1084 1240 1125 affinitates
1288 1097 1415 1125 veras
1464 1081 1651 1123 Generis

87 1157 364 1212 Caloglossae,
413 1157 495 1198 has
543 1156 829 1212 potissimum
878 1155 1171 1198 suadentibus
1219 1152 1549 1196 characteribus
1597 1166 1651 1194 ex

87 1233 309 1271 structura
354 1228 628 1284 Cystocarpii
672 1227 875 1269 deductis
911 1225 1224 1281 dijudicandas
1258 1229 1476 1280 putarem.
1542 1223 1652 1265 Haec

88 1315 192 1343 vero
225 1300 500 1355 cystocarpia
532 1299 682 1361 quoad
715 1313 843 1340 suam
878 1302 1147 1340 structuram
1170 1296 1396 1352 propriam
1423 1295 1497 1338 vix
1520 1298 1653 1336 antea

88 1371 169 1413 rite
202 1371 420 1413 illustrata
453 1370 664 1419 dicerem;
716 1384 796 1411 nec
841 1369 952 1410 mihi
991 1368 1238 1424 specimina
1270 1366 1557 1423 cystocarpiis
1590 1366 1652 1406 in-

89 1447 256 1485 structa
307 1441 573 1497 Caloglossae
626 1455 886 1495 comparare
935 1440 1111 1481 licuisse
1159 1444 1262 1480 ante
1311 1439 1393 1480 hoe
1443 1438 1651 1478 ultimum

88 1519 278 1569 tempus,
328 1518 371 1554 et
416 1513 523 1554 mihi
557 1516 731 1553 tantum
766 1511 966 1553 adfuisse
1000 1512 1044 1552 in
1080 1511 1214 1552 unica
1246 1510 1321 1551 illa
1354 1509 1522 1550 diutius
1556 1522 1651 1562 cog-

92 1586 183 1627 nita
215 1584 369 1639 Specie
406 1583 654 1633 Floridana,
689 1584 772 1625 hoc
805 1583 899 1624 loco
933 1583 1098 1624 dixisse
1131 1582 1286 1637 placet.

232 1656 394 1704 Qualia
435 1655 568 1710 igitur
609 1655 653 1695 in
692 1654 781 1697 Gal.
817 1654 1067 1707 Lepre'emv'i
1099 1653 1376 1708 cystocarpia
1410 1651 1513 1694 vidi,
1549 1651 1654 1692 talia

90 1727 242 1769 eadem
294 1727 382 1768 fere
429 1725 613 1781 globosa
662 1726 868 1773 dicerem,
919 1740 1053 1780 supra
1103 1725 1315 1780 paginam
1357 1722 1528 1764 frondis
1560 1722 1653 1764 fere

90 1803 182 1840 tota
213 1798 468 1845 eminentia,
504 1797 749 1852 pericarpio
784 1797 920 1845 tenui,
957 1796 1126 1838 cellulis
1160 1799 1310 1837 tamen
1346 1793 1652 1849 pluriseriatis,

91 1869 237 1924 potius
270 1868 594 1910 alternantibus
628 1882 764 1922 quam
798 1867 1089 1923 superpositis
1122 1871 1350 1915 contexto;
1401 1866 1651 1921 placentam

90 1940 181 1982 vidi
227 1954 363 1994 supra
395 1939 543 1981 basem
580 1939 813 1994 pericarpii
848 1939 1080 1988 elevatam,
1116 1937 1285 1979 cellulis
1320 1935 1649 1993 placentaribus

91 2011 219 2066 quasi
252 2010 454 2065 pluribus
487 2010 615 2051 nodis
648 2010 841 2053 invicem
877 2009 1315 2051 anastomosantibus
1349 2007 1652 2056 constitutam,

91 2080 328 2123 fasciculos
359 2081 707 2136 gemmidiorum
745 2095 1004 2123 numerosos
1037 2080 1361 2122 sustinentibus
1411 2105 1447 2108 —
1483 2079 1544 2120 ita
1574 2077 1654 2119 dis-

91 2153 358 2207 positionem
402 2152 719 2196 indicantibus.
767 2167 902 2207 quam
944 2151 1201 2193 Delesseriis
1235 2151 1425 2206 propriis
1459 2149 1655 2204 typicam

91 2223 301 2278 judicavi.
355 2223 413 2265 Ut
444 2237 623 2278 quoque
658 2224 703 2264 in
739 2223 995 2265 Delesseriis
1031 2222 1219 2277 propriis
1254 2221 1415 2276 saepius
1444 2220 1655 2261 obvenire

92 2294 260 2348 putavi,
299 2293 530 2335 fasciculos
562 2294 911 2348 gemmidiorum
946 2293 1206 2334 inchoantes
1240 2292 1484 2333 admodum
1514 2291 1652 2331 minu-

93 2369 173 2413 tos,
222 2364 350 2418 quasi
398 2364 593 2418 gelatina
641 2364 872 2411 cohibitos,
913 2362 1158 2417 gemmidia
1192 2362 1367 2417 propria
1402 2368 1444 2403 ct
1477 2360 1653 2415 singula

94 2435 169 2477 vix
200 2435 282 2476 rite
315 2439 572 2489 separantes
605 2435 842 2476 observare
877 2434 1055 2483 credidi,
1091 2434 1278 2488 singulis
1303 2447 1406 2474 vero
1431 2431 1655 2473 fasciculis

93 2505 337 2560 gemmidia
369 2520 450 2547 sua
482 2520 693 2560 suprema
727 2505 867 2559 magis
901 2505 1078 2546 evoluta
1110 2503 1423 2553 offerentibuffi
1461 2504 1520 2545 ita
1553 2519 1655 2559 11110-

94 2637 212 2669 sterili
247 2637 462 2675 obveniant,
501 2640 537 2669 et
565 2636 626 2668 fila
655 2635 797 2668 retis-uli
827 2638 937 2668 antea
964 2635 1231 2675 angustissima
1259 2638 1295 2668 ot
1321 2635 1461 2673 stricta,
1489 2635 1656 2668 articulis

96 2695 342 2738 cylindraceis
381 2696 596 2732 constituta,
635 2695 774 2727 sensim
804 2694 906 2727 abire
935 2693 971 2726 in
998 2694 1151 2727 cellulas
1179 2694 1305 2727 uvales
1333 2697 1369 2727 et
1395 2694 1545 2727 demum
1574 2695 1656 2727 sub-

95 2754 279 2796 globosas.
320 2755 539 2788 membrana
578 2760 616 2787 ut
658 2754 749 2786 mihi
790 2753 963 2795 adparuit
1002 2753 1143 2786 sensim
1180 2754 1299 2794 magis
1333 2754 1526 2796 numisque
1553 2755 1656 2788 tenui

96 2812 248 2855 cinctas,
282 2816 319 2846 et
349 2814 502 2847 demum
536 2816 577 2847 ut
604 2816 775 2856 put-arem
804 2815 1084 2852 evanescentes,
1115 2823 1187 2845 non
1217 2813 1321 2855 potui
1349 2813 1439 2855 quin
1467 2814 1654 2851 crederem

95 2872 164 2906 has
191 2872 429 2913 mutationes,
456 2876 600 2906 certum
626 2873 665 2905 in
692 2872 806 2905 finem
834 2870 912 2904 fieri
940 2874 1094 2905 creatas.
