1875 3116
179 114 261 153 134
765 110 1164 151 Borrmoofflpffi.

170 230 403 285 pericarpii
453 229 633 271 elevatae
682 242 785 269 cum
835 227 1129 282 Nitophylleis
1178 234 1511 282 congruentem,
1560 233 1600 271 et
1634 244 1735 271 cum

171 302 238 342 his
271 314 450 355 quoque
492 300 821 353 Hcrpoplaqesllum
853 299 1195 341 convenientem
1229 299 1482 349 observavi;
1510 301 1624 342 lianc
1650 300 1737 354 pla-

170 376 345 413 centam
379 370 566 412 deficere
601 370 691 412 vidi
724 375 821 412 tum
855 370 900 411 in
937 370 1211 423 Plan-asebnia,
1247 375 1342 412 tum
1376 371 1421 412 in
1456 372 1612 413 formis
1642 372 1735 426 qui-

170 442 358 485 busdam
409 441 524 488 aliis,
582 441 690 483 1111111
745 441 893 496 quoad
948 442 1174 496 proximas
1222 442 1465 483 affinitates
1514 442 1740 498 paulisper

170 514 341 561 dubias,
377 514 423 555 in
457 513 621 568 quibus
657 514 728 554 tila
760 512 1091 568 gemmidiit‘era
1126 513 1216 554 fere
1250 527 1275 554 a
1309 518 1399 555 toto
1433 513 1572 555 tundo
1599 514 1738 555 basali

170 585 405 641 pericarpii
451 585 578 640 quasi
620 584 879 626 immediate
913 584 1125 626 exeuntia
1157 584 1395 626 observare
1429 584 1612 626 credidi.
1680 586 1742 627 De

170 658 238 699 his
273 656 440 698 ultimis
472 656 608 711 igitur
640 656 825 698 seorsim
859 655 944 697 alio
977 655 1073 697 loco
1106 656 1242 711 hujus
1266 656 1468 711 opusculi
1492 671 1613 699 meas
1637 672 1737 699 con-

168 729 364 784 jecturas
397 727 540 770 attuli.

314 799 445 841 Soros
494 800 539 840 in
588 798 850 847 Generibus,
902 811 1004 853 quse
1049 798 1104 840 ad
1144 786 1450 841 subtamiliam
1484 800 1613 854 quasi
1647 815 1739 855 pro-

170 872 316 926 priam
350 871 779 926 Botryocarpearum
812 871 975 912 referre
1008 869 1141 912 hodie
1175 884 1311 912 ausus
1345 885 1458 919 sum,
1494 871 1579 913 alio
1605 871 1738 913 modo

171 944 408 1000 dispositos
441 943 666 992 obvenire,
702 942 745 983 111
781 941 967 984 diversis
1002 942 1138 997 hujus
1171 941 1353 983 familiae
1386 942 1636 984 Generibus
1671 942 1739 984 de-

171 1030 297 1057 mum
330 1029 511 1070 quoque
545 1013 709 1056 dixisse
744 1013 901 1068 placet.

314 1087 366 1128 In
399 1086 584 1133 Genere,
620 1099 645 1127 a
680 1099 749 1126 me
784 1085 866 1126 sub
890 1085 1072 1126 nomine
1099 1085 1368 1138 Platyczefmtoe.
1390 1084 1623 1140 descripto,
1658 1100 1744 1128 me-

172 1159 355 1201 minisse
388 1157 532 1213 placet
564 1171 686 1199 soros
719 1156 931 1198 obvenire
964 1157 1010 1197 in
1044 1156 1140 1211 ipsa
1173 1156 1331 1198 fronde
1366 1157 1667 1212 superficiales
1697 1162 1740 1199 et

172 1243 360 1286 sparsos,
412 1234 454 1271 et
494 1229 556 1270 ita
593 1228 807 1284 adspectu
842 1243 921 1270 suo
955 1242 1116 1283 parum
1149 1228 1205 1269 ab
1238 1228 1291 1270 iis
1328 1228 1593 1277 recedentes,
1630 1243 1742 1284 quos

173 1303 217 1343 in
270 1301 529 1354 Ne'tophssllis
571 1300 783 1342 obvenire
822 1300 1044 1346 novimus,
1079 1300 1171 1353 jam
1207 1314 1261 1340 ex
1294 1314 1344 1341 eo
1378 1300 1739 1342 concludendum

173 1373 398 1415 videretur
431 1371 551 1427 quod
586 1371 764 1426 Species
800 1371 935 1424 hujus
969 1371 1155 1412 Greneris
1179 1376 1228 1412 ut
1252 1385 1395 1413 meras
1420 1371 1598 1426 Species
1623 1372 1740 1417 Nito-

173 1443 428 1500 phyllorum
463 1443 697 1497 hucusque
731 1447 1015 1483 enumeratas
1050 1442 1189 1483 fuisse
1222 1446 1407 1484 constat.

315 1514 407 1556 Nec
455 1514 582 1555 aliter
629 1513 781 1555 forsan
830 1513 1056 1568 quispiam
1097 1512 1318 1567 judicaret
1351 1512 1405 1555 de
1439 1514 1548 1555 soris
1586 1514 1742 1567 Herpo-

166 1587 320 1641 phfsllef,
370 1600 482 1641 quos
530 1599 710 1640 quoque
749 1598 886 1640 supra
918 1584 1199 1639 superficiem
1234 1584 1373 1639 ipsius
1407 1584 1581 1627 frondis
1615 1585 1743 1627 obve-

172 1659 360 1705 nientes,
410 1657 593 1699 demum
642 1656 773 1698 hodie
819 1670 845 1697 a
884 1670 954 1698 me
986 1656 1104 1697 infra
1137 1655 1381 1711 descriptos
1416 1656 1580 1698 videas.
1647 1655 1743 1698 Hos

175 1734 326 1771 tamen
371 1729 470 1783 ipsa
512 1741 593 1770 sua
626 1731 848 1769 structura
880 1728 962 1769 rite
994 1727 1230 1775 intellecta,
1267 1727 1327 1768 ita
1360 1727 1559 1769 diversos
1592 1742 1746 1770 revera

173 1800 388 1857 generari,
436 1804 485 1841 ut
530 1806 690 1855 typum
724 1799 807 1841 sibi
841 1799 1026 1840 omnino
1061 1799 1293 1854 proprium
1327 1800 1595 1841 constituere
1631 1799 1748 1841 vide-

174 1877 339 1921 rentur5
390 1871 435 1913 id
486 1871 729 1926 perlegenti
778 1869 1126 1925 descriptionem
1172 1885 1197 1911 a
1241 1885 1311 1912 me
1344 1870 1464 1911 infra
1497 1870 1648 1912 datam
1682 1876 1749 1912 sat

176 1943 464 1999 perspicuum
514 1943 608 1983 fore
658 1942 847 1997 speravi.
914 1941 1125 1983 Attamen
1175 1955 1229 1983 ex
1278 1941 1343 1990 iis,
1380 1956 1480 1996 quae
1514 1942 1749 1984 observare

174 2013 355 2062 credidi,
405 2012 718 2055 deducendum
770 2013 923 2067 putavi
959 2037 1017 2041 —
1049 2018 1145 2053 tum
1194 2027 1248 2055 ex
1291 2012 1391 2061 situ,
1433 2018 1530 2053 tum
1563 2027 1617 2054 ex
1651 2013 1747 2067 ipsa

176 2089 399 2128 structura
447 2084 533 2126 sori
571 2109 624 2113 —
658 2083 834 2125 eosdem
887 2084 1040 2124 sistere
1090 2084 1217 2137 quasi
1257 2083 1524 2125 evolutionis
1557 2083 1745 2138 gradun]

176 2157 434 2198 inferiorem
469 2155 671 2210 ejusdem
706 2155 812 2210 typi,
849 2169 984 2209 quem
1019 2156 1099 2196 rite
1130 2155 1358 2197 evolutum
1384 2155 1429 2196 in
1455 2156 1750 2209 Botiyoeawa

177 2234 220 2270 et
256 2228 472 2270 Holmcsia
506 2226 753 2269 describere
787 2231 973 2267 conatus
1007 2241 1119 2267 sum.
1177 2226 1222 2267 Si
1254 2226 1353 2281 jure
1387 2227 1584 2281 quodam
1618 2227 1749 2269 hodie

180 2314 335 2354 urgere
376 2298 485 2340 mihi
529 2297 695 2347 videor,
742 2297 933 2339 eundem
969 2298 1313 2353 organisationis
1347 2302 1505 2353 typum
1538 2298 1749 2340 obvenire

178 2384 307 2425 posse
358 2384 476 2411 nunc
527 2369 606 2411 rite
656 2369 887 2411 evolutum
936 2369 981 2410 in
1034 2369 1263 2411 nonnullis
1314 2369 1483 2420 formis,
1527 2370 1647 2411 etin
1682 2369 1750 2410 his

178 2441 325 2496 quoad
367 2455 470 2482 suos
510 2440 787 2481 characteres
823 2439 1001 2481 facilius
1035 2439 1442 2495 interpretandum;
1494 2455 1613 2482 nunc
1647 2454 1749 2481 eun-

179 2512 281 2553 dem
332 2511 480 2553 minus
527 2511 758 2552 evolutum
801 2510 1015 2552 obvenire
1049 2525 1177 2565 posse
1211 2510 1478 2566 adparenter
1511 2516 1579 2553 sat
1611 2511 1751 2553 diver-

182 2597 294 2631 sum,
347 2582 495 2624 nescio
543 2596 660 2623 anne
709 2581 827 2623 idem
878 2596 1058 2637 quoque
1098 2581 1151 2623 dc
1184 2582 1434 2624 Greneribus
1468 2582 1550 2623 hoc
1584 2582 1691 2631 locO,
1725 2597 1749 2623 a

189 2668 257 2694 me
299 2654 580 2708 comparatis,
619 2654 718 2707 jure
751 2652 945 2708 quodam
981 2667 1208 2695 assumere
1241 2652 1402 2694 liceret.
1468 2653 1511 2694 Si
1545 2653 1606 2694 ita
1638 2667 1749 2694 com-

189 2728 402 2777 parantur
453 2725 618 2774 l'ormae,
668 2738 767 2779 quae
816 2724 1003 2765 <liversis
1051 2724 1169 2779 typis
1212 2724 1337 2778 quasi
1384 2736 1605 2778 siniremae
1640 2723 1747 2764 1111111

186 2794 504 2847 adparucmnt,
559 2795 764 2837 lubenter
816 2795 869 2836 dc
924 2794 1261 2849 Botryocaipeis
1315 2795 1504 2849 propriis
1558 2794 1747 2835 dicerem

187 2870 328 2906 totuin
382 2866 645 2920 adparatum
703 2867 937 2908 soriferum
994 2865 1171 2920 proprio
1220 2865 1302 2906 sibi
1353 2864 1484 2906 modo
1532 2864 1746 2919 generari.
