1875 3116
173 63 259 103 216
827 61 1081 102 Pwfflnmffl.
1422 62 1736 116 Paraylossctm.

172 181 392 235 originem
425 179 581 221 eodem
616 179 748 221 modo
782 179 875 221 fieri
910 180 955 221 in
988 179 1206 230 Pteridiis,
1232 194 1320 235 quo
1344 180 1579 236 analogam
1603 187 1737 224 struc-

173 257 319 293 turam
352 252 398 292 in
433 252 711 305 Neuroylosso
745 251 850 293 oriri
882 252 1050 307 putavi,
1088 252 1300 293 nimirum
1334 252 1510 307 angulis
1538 253 1740 308 ipsarum

173 323 436 365 cellularum
483 322 669 364 firmiter
715 322 1042 365 cohaerentibus
1091 329 1134 365 et
1177 323 1372 366 invicem
1409 329 1740 366 anastomosan-

172 394 303 443 tibus,
339 399 473 449 atque
507 393 691 436 demum
724 394 772 435 in
805 394 878 436 fila
910 394 1111 450 longiora
1143 395 1424 445 abeuntibus,
1468 401 1599 451 prout
1630 396 1738 451 ipsae

172 465 342 507 cellulae
390 465 610 507 interioris
653 466 777 507 strati
811 471 1074 508 excrescunt
1106 466 1340 522 longiores,
1376 466 1486 508 dum
1520 468 1648 510 novis
1681 467 1741 509 di-

176 537 422 580 visionibus
470 537 664 579 invicem
712 543 978 592 separantur
1025 543 1162 580 strata
1208 538 1470 580 cellularum
1503 540 1740 590 exteriora;

173 608 363 663 qualiter
395 608 479 650 hoc
510 608 781 663 jamdudum
816 608 1140 651 demonstravit
1174 609 1374 664 Kiitzing
1407 609 1498 652 suis
1521 610 1738 662 iconibus,

173 685 444 722 structuram
476 680 764 735 Neuroglossi
797 681 1136 723 illustrantibus.
1201 682 1324 723 Dum
1357 696 1461 724 vero
1493 682 1540 723 in
1584 682 1739 723 Nemo-

169 753 302 806 ylosso
350 752 468 794 hanc
515 757 787 794 structuram
826 753 977 795 minus
1015 752 1279 808 perductam
1312 753 1517 800 dicerem,
1553 752 1743 795 eandem

174 829 328 875 contra
375 824 422 864 in
469 824 678 866 Pterc'diis
719 838 840 865 nunc
873 838 1015 879 usque
1048 824 1103 866 ad
1137 838 1368 867 excessum
1402 824 1665 880 perductam
1697 825 1743 866 in

172 895 374 950 partibus
408 895 568 936 harum
603 895 860 950 plantarum
900 896 1172 938 firmioribus
1205 901 1283 938 aut
1316 896 1542 938 senilibus.
1609 896 1741 945 Quod

173 980 277 1009 vero
326 966 362 1008 si
409 966 471 1008 ita
518 966 585 1017 sit,
629 967 952 1022 suspicandum
990 967 1217 1010 videretur
1250 968 1437 1009 eandem
1473 972 1742 1009 structuram

172 1038 219 1079 in
267 1037 454 1080 diversis
503 1038 745 1093 Speciebus
792 1053 972 1094 quoque
1021 1039 1232 1082 obvenire
1281 1054 1408 1095 posse
1451 1040 1550 1094 plus
1593 1040 1742 1082 minus

172 1110 482 1164 conspicuam:
533 1114 575 1151 et
615 1109 677 1151 ita
711 1124 864 1152 revera
896 1124 1003 1159 esse,
1040 1116 1082 1152 et
1115 1111 1198 1152 hoc
1231 1111 1364 1152 modo
1398 1111 1578 1153 differre
1614 1126 1741 1166 posse

173 1180 363 1236 Species,
399 1180 496 1222 aliis
529 1180 859 1222 characteribus
893 1181 993 1235 plus
1027 1181 1177 1223 minus
1210 1187 1519 1237 congruentes,
1552 1182 1594 1223 id
1630 1184 1741 1225 mihi

173 1251 357 1307 (pridem
395 1251 572 1293 facilius
612 1266 878 1307 persuasum
918 1252 1067 1302 habui,
1112 1254 1381 1308 comparatis
1424 1254 1744 1308 speciminibus

172 1328 268 1365 tum
318 1323 597 1365 diversarum
646 1324 919 1378 Specierum,
967 1328 1063 1366 tum
1097 1324 1301 1380 ejusdem
1335 1325 1507 1380 Speciei
1544 1327 1743 1380 partibus

170 1395 425 1450 junioribus
459 1398 502 1436 et
532 1394 828 1436 adultioribus
861 1395 943 1437 rite
976 1395 1255 1437 examinatis.

314 1466 552 1521 Ejusmodi
595 1466 1027 1508 considerationibus
1061 1467 1152 1509 vim
1187 1467 1417 1522 quandam
1452 1468 1664 1511 tribuenti
1698 1476 1741 1511 et

171 1539 451 1594 comparanti
485 1538 595 1579 mihi
630 1537 761 1579 hodie
795 1538 985 1593 Species,
1021 1553 1133 1593 quas
1166 1538 1275 1580 alias
1308 1540 1492 1581 omnino
1526 1540 1581 1582 ob
1617 1541 1741 1583 ratio-

171 1625 250 1652 nes
298 1610 405 1652 olim
453 1609 509 1651 ad
548 1609 775 1665 propriam
823 1609 1053 1664 quandam
1086 1610 1273 1652 Tribuni
1306 1611 1559 1665 Par-aylossa·
1589 1613 1743 1654 retule-

174 1682 270 1732 rim,
305 1681 567 1736 adparuisse
600 1680 813 1722 confiteor
845 1681 925 1722 has
959 1681 1138 1736 Species
1171 1695 1309 1736 quam
1341 1681 1602 1737 longissime
1631 1697 1743 1725 rece-

173 1753 275 1795 dere
308 1753 363 1794 ab
397 1752 496 1802 illis,
531 1765 635 1793 cum
668 1751 833 1806 quibus
867 1751 1047 1793 easdem
1082 1751 1298 1794 identicas
1332 1757 1409 1794 aut
1441 1753 1601 1795 affines
1635 1754 1742 1796 olim

172 1823 469 1866 crediderunt.
536 1822 779 1872 Quandam
811 1823 858 1864 in
891 1822 1049 1865 habitu
1083 1827 1125 1864 et
1158 1824 1304 1864 forma
1335 1824 1509 1866 frondis
1533 1825 1589 1867 D.
1614 1827 1744 1868 Zancl-

162 1896 288 1951 folefoe
335 1909 430 1937 esse
478 1893 820 1936 similitudinem
868 1907 971 1936 cum
1020 1894 1074 1936 D.
1110 1895 1361 1949 sanguinea,
1407 1896 1536 1950 cujus
1571 1896 1741 1951 Speciei

172 1967 436 2010 varietatem
468 1966 585 2007 hanc
619 1965 824 2021 Speciem
856 1965 963 2006 olim
996 1965 1183 2007 credidit
1217 1965 1420 2021 Harvey3
1461 1971 1503 2009 et
1534 1967 1580 2008 in
1614 1969 1742 2010 rami—

172 2037 390 2079 ficationis
438 2051 597 2078 norma
644 2041 778 2092 atque
826 2037 974 2078 forma
1023 2035 1235 2078 foliorum
1282 2051 1386 2079 cum
1426 2038 1481 2080 D.
1515 2040 1741 2094 ν’·ιι8εζβοῑὶα

172 2109 411 2151 convenire
444 2109 498 2151 D.
535 2109 796 2162 epdylossam,
833 2107 951 2149 haud
986 2108 1023 2150 is
1057 2123 1158 2149 sum
1192 2108 1269 2163 qui
1304 2123 1533 2164 negarem;
1581 2117 1741 2152 utram-

173 2194 259 2235 que
292 2195 396 2222 vero
431 2180 634 2235 Speciem
668 2179 822 2221 oceani
855 2179 1061 2221 australis
1095 2194 1121 2221 a
1154 2179 1418 2230 borealibus,
1450 2195 1553 2222 cum
1577 2182 1740 2236 quibus

173 2256 442 2308 comparatae
490 2252 683 2301 fuerunt,
735 2265 872 2305 quam
921 2250 1254 2293 evidentissime
1302 2251 1482 2294 differre
1524 2253 1618 2295 sine
1653 2254 1742 2295 ulla

173 2323 450 2366 haesitatione
483 2328 675 2365 statuere
709 2322 941 2372 auderem,
989 2321 1110 2377 quod
1143 2336 1322 2377 quoque
1353 2323 1446 2377 jam
1481 2338 1534 2365 ex
1567 2325 1740 2367 charac-

172 2396 353 2445 teribus,
389 2395 496 2437 olim
529 2410 555 2436 a
586 2409 658 2436 me
692 2393 875 2435 sectioni
911 2393 1097 2435 Generis
1125 2393 1375 2449 Paraglossi
1398 2395 1587 2442 tributis,
1614 2397 1741 2451 sequi

175 2474 391 2522 putarem.
458 2466 605 2508 Hodie
654 2479 744 2506 non
793 2469 969 2506 tantum
1015 2464 1083 2506 his
1122 2465 1344 2515 insistens,
1380 2471 1572 2513 statuere
1605 2482 1740 2510 ausus

174 2553 274 2580 suin
323 2552 502 2593 quoque
551 2541 821 2579 structuram
868 2535 1039 2578 frondis
1081 2536 1338 2578 interiorem
1377 2538 1523 2592 potius
1557 2552 1739 2593 congru-

176 2610 318 2650 entias
366 2609 563 2650 indicare
612 2622 713 2649 cum
758 2612 864 2662 typo
902 2606 988 2653 illo,
1024 2606 1107 2648 sub
1141 2607 1321 2649 nomine
1354 2608 1542 2651 Pterzssdiz'
1573 2624 1598 2650 a
1634 2610 1739 2652 Krit-

178 2681 279 2734 zing
327 2679 489 2735 (quoad
538 2683 807 2720 structuram
852 2677 1039 2731 frondis)
1074 2677 1306 2733 descripto.
1372 2679 1569 2721 Stratum
1603 2686 1740 2723 exter-

177 2764 284 2792 num
331 2750 391 2805 (in
424 2751 480 2792 D.
516 2750 752 2804 Epvgqlosso)
795 2754 996 2791 constare
1029 2749 1119 2791 vidi
1154 2750 1199 2791 in
1235 2750 1401 2791 lamina
1434 2750 1532 2805 (ala)
1566 2752 1738 2794 frondis

174 2820 341 2862 cellulis
375 2822 772 2879 hoinaeocystideis,
808 2828 850 2864 et
882 2821 951 2863 his
985 2821 1150 2863 sensim
1173 2821 1221 2863 in
1244 2822 1447 2877 cyclades
1471 2821 1735 2873 subdivisis;
