1875 3116
106 62 418 115 Paraylossmn.
760 56 1014 96 I'TERIDIAE.
1585 50 1670 90 213

104 194 175 222 me
206 178 339 221 hodie
373 177 603 232 descripta,
632 189 749 218 nova
775 174 1050 216 characteres
1084 169 1304 220 nonnulli,
1336 169 1413 224 qui
1448 166 1672 223 ejusmodi

104 251 371 294 affinitatem
416 248 601 304 prodere
647 247 798 288 forsan
845 244 1114 287 viderentur.
1180 242 1238 284 At
1268 242 1316 283 in
1349 239 1503 296 planta
1538 238 1668 280 Flori-

105 323 198 371 dea,
248 322 378 377 cujus
426 318 701 376 cystocarpia
748 317 895 359 adhuc
942 316 1095 371 ignota
1139 318 1332 361 manent,
1374 324 1543 354 vanum
1577 324 1672 352 esse

102 393 324 449 judicium
357 392 473 433 ferre
507 390 561 432 de
594 388 825 438 affinitate,
862 386 1199 429 lubentissimus
1233 382 1487 426 concedam.

248 463 438 506 Unicam
471 466 646 504 tantum
681 459 885 515 Speciem
918 457 1104 500 Generis
1139 456 1254 505 novi,
1287 460 1330 496 et
1362 455 1492 510 cujus
1524 466 1669 509 pauca

104 535 370 592 Specimina,
420 548 501 575 nec
549 533 642 574 haec
687 531 871 573 omnino
904 528 1124 584 completa
1157 527 1393 570 observare
1427 524 1535 567 mihi
1569 538 1653 566 con

101 607 262 662 tigerit,
312 604 601 660 sequentibus
650 602 835 644 ulterius
884 600 1166 656 descriptam,
1208 597 1341 640 hodie
1375 596 1485 639 mihi
1519 596 1664 652 cogni-

103 683 196 721 tam
227 676 392 719 habeo:

137 799 172 839 1.
242 795 530 837 CALLosEms
550 792 623 835 HA
633 807 748 833 LLIAE
768 792 1086 845 (Nitophyllum
1105 790 1268 832 Hallz‘ce
1284 789 1327 831 J.
1346 789 1425 842 Ay.
1446 788 1491 831 in
1508 788 1666 841 litter).

317 890 432 932 Hab.
468 888 525 931 ad
557 902 655 931 oras
689 886 900 929 Floridae:
938 886 1055 928 D:na
1089 885 1212 927 Hall!

246 988 363 1020 Frons
390 985 483 1019 3—4
508 984 697 1028 pollicaris
724 982 970 1026 longitudine,
998 982 1037 1015 in
1064 984 1170 1025 parte
1196 981 1341 1014 frondis
1368 980 1546 1013 inferiore
1568 980 1673 1022 (qua.

103 1049 177 1082 lem
216 1046 439 1080 latissimam
478 1043 569 1086 vidi)
605 1043 697 1077 3——5
734 1043 854 1076 lineas
892 1052 1057 1085 aequans,
1096 1041 1214 1074 dilute
1249 1051 1355 1074 rosea
1390 1043 1427 1073 et
1456 1040 1659 1073 admodum

103 1107 321 1151 gelatinosa,
349 1106 487 1139 chartae
506 1104 717 1138 arctissime
735 1103 950 1143 adhaerens:
973 1101 1058 1144 plus
1077 1101 1203 1134 minus
1222 1100 1409 1141 laciniata,
1430 1110 1531 1133 nunc
1550 1098 1669 1141 magis

101 1166 354 1209 irregulariter
389 1165 616 1205 dichotoma,
652 1174 753 1196 nunc
785 1161 932 1195 laciniis
960 1161 1079 1203 magis
1106 1160 1327 1193 flabellatim
1353 1158 1667 1197 subsecundatis;

102 1226 248 1260 laciniis
287 1224 544 1268 superioribus
584 1223 731 1257 circiter
768 1222 826 1256 bis
865 1222 1005 1255 lineam
1038 1220 1137 1263 latis,
1164 1220 1333 1262 margine
1360 1219 1467 1262 quasi
1494 1218 1667 1261 inaequali

103 1287 151 1320 ob
176 1285 398 1325 denticulos,
426 1284 582 1318 lacinias
609 1286 674 1317 aut
700 1282 877 1326 pinnulas
904 1281 969 1315 vix
996 1283 1097 1314 certo
1124 1280 1255 1313 ordine
1288 1278 1534 1321 egredientes.
1586 1278 1668 1311 Pin-

102 1346 211 1379 nulas
250 1344 458 1385 inferiores,
498 1354 518 1376 a
556 1343 725 1385 margine
761 1344 1014 1384 erumpentes,
1041 1340 1256 1374 fructiferas
1293 1339 1386 1378 vidi;
1416 1338 1507 1371 alias
1535 1339 1668 1371 harum

103 1405 279 1447 minores,
306 1405 419 1438 dente
445 1403 563 1436 sterili
590 1405 656 1436 aut
681 1401 788 1444 quasi
816 1401 929 1435 crista
954 1402 1166 1443 superatas;
1196 1399 1288 1432 alias
1315 1399 1354 1431 in
1373 1409 1491 1432 novas
1510 1397 1668 1430 lacinias

104 1467 358 1508 properantes,
395 1463 527 1496 eodem
559 1462 670 1495 modo
697 1460 993 1504 decompositas;
1034 1469 1166 1493 omnes
1193 1469 1262 1492 sua
1288 1457 1448 1491 minutie
1475 1467 1497 1490 a
1521 1456 1668 1490 laciniis

103 1524 263 1568 propriis
290 1522 577 1565 dignoscendas,
605 1524 642 1554 et
667 1531 782 1564 supra
808 1520 1073 1554 tenuissimam
1099 1529 1208 1552 suam
1234 1518 1365 1552 basem
1392 1517 1431 1550 in
1457 1527 1585 1550 sorum
1611 1526 1669 1549 va-

102 1584 231 1625 lidum,
259 1583 361 1616 nudo
388 1582 496 1616 oculo
522 1581 671 1615 facilius
698 1579 1009 1623 dignoscendum,
1037 1582 1096 1612 sat
1122 1578 1325 1621 conspicue
1351 1577 1666 1614 intumescentes;

102 1654 217 1687 supra
254 1653 381 1676 sorum
420 1641 555 1675 fertilis
590 1640 728 1674 lacinia
762 1639 929 1673 sterilem
957 1642 1103 1682 partem
1129 1638 1267 1672 retinet
1292 1637 1497 1671 admodum
1524 1635 1669 1678 conspi-

102 1714 222 1744 cuam,
255 1702 363 1745 quasi
395 1712 523 1735 sorum
556 1701 699 1734 diceres
726 1699 840 1733 crista
867 1699 1017 1742 propria
1043 1700 1268 1731 comantem.
1321 1698 1522 1739 Segmento
1550 1699 1669 1729 trans-

102 1762 239 1797 versali
270 1762 370 1795 facto
404 1771 469 1804 per
500 1760 664 1794 mediam
691 1762 836 1803 partem
863 1758 949 1800 sori,
977 1758 1055 1792 vidi
1080 1758 1201 1801 (extra
1227 1757 1380 1791 cellulas
1408 1756 1580 1798 costales,
1608 1756 1669 1789 ad-

104 1822 258 1855 modum
305 1824 469 1862 tenuem,
519 1823 557 1853 at
604 1819 849 1862 conspicuam
891 1817 1142 1861 separationis
1184 1817 1325 1850 lineam
1369 1814 1667 1857 constituentes),

102 1882 384 1925 sphaerosporas
410 1880 600 1922 duplicem
626 1879 763 1912 seriem
789 1879 1009 1920 formantes,
1037 1880 1236 1920 utramque
1262 1877 1362 1910 intra
1388 1875 1544 1910 cellulas
1563 1875 1668 1908 corti-

102 1941 200 1974 cales
242 1940 319 1983 (vix
362 1939 513 1982 proprio
556 1939 667 1972 modo
710 1937 1012 1978 transformatas)
1049 1939 1282 1980 generatam;
1323 1935 1520 1977 utriusque
1558 1934 1667 1968 seriei

102 1999 375 2043 sphaerosporis
414 1999 608 2033 evidenter
645 1998 851 2037 distinctis;
891 1997 1051 2040 singulis
1090 1995 1365 2040 sphae1·osporis
1400 1995 1507 2038 quasi
1534 1995 1573 2027 in
1599 2004 1668 2027 suo

103 2059 254 2103 proprio
279 2059 401 2092 loculo
428 2058 705 2097 nidulantibus;
734 2057 867 2091 loculis
894 2057 1058 2091 invicem
1085 2055 1298 2100 disjunctis,
1326 2055 1547 2089 cellularum
1565 2053 1667 2086 steri·

103 2119 195 2152 lium
233 2119 403 2152 seriebus
442 2118 582 2161 paucis,
619 2128 711 2160 quas
739 2120 871 2151 mutua
897 2116 1092 2160 pressione
1120 2116 1204 2159 plus
1232 2115 1358 2149 minus
1386 2113 1589 2156 inaequales
1617 2112 1666 2145 di<

103 2189 216 2221 ceres,
243 2178 368 2221 potius
396 2188 509 2220 quam
536 2180 637 2211 certo
664 2177 827 2220 quodam
854 2176 967 2210 modo
994 2176 1293 2210 transformatas.

105 2329 292 2381 GENUS
334 2329 397 2380 Π.
460 2329 540 2380 De
580 2329 952 2389 PARAGLOSSQ
999 2334 1102 2377 Gen.
1121 2348 1269 2388 propr.
1295 2332 1664 2374 Delesseriearum.

245 2459 467 2515 Epicrisin
513 2458 547 2499 F
550 2458 819 2500 loridearum
852 2457 1062 2507 scribens,
1098 2457 1180 2499 sub
1214 2456 1396 2498 nomine
1430 2455 1546 2498 dicto
1580 2469 1665 2498 sec-

104 2532 270 2573 tionem
304 2531 531 2586 propriam
570 2529 829 2572 Delesseriae
863 2529 1136 2584 distinguere
1169 2542 1304 2570 ausus
1339 2542 1450 2570 sum.
1517 2526 1665 2576 Quam

104 2617 209 2644 vero
257 2617 308 2644 eo
356 2608 554 2657 tempore
596 2606 646 2642 ut
687 2600 928 2642 sectionem
967 2599 1165 2648 Generis,
1200 2598 1323 2641 vario
1356 2601 1558 2654 respectu
1591 2596 1666 2639 du-

105 2672 238 2723 biam,
273 2672 591 2714 assumendam
625 2670 803 2719 credidi,
839 2685 938 2713 eam
971 2670 1103 2712 hodie
1137 2670 1290 2712 Genus
1323 2669 1391 2712 sui
1422 2669 1534 2724 juris
1568 2682 1665 2711 con-

106 2743 299 2793 stituere,
349 2743 459 2785 mihi
504 2742 681 2785 facilius
722 2742 1029 2797 persuadeam,
1064 2745 1216 2796 utpote
1249 2741 1333 2783 hoc
1366 2755 1456 2783 non
1489 2744 1666 2783 tantum

108 2813 408 2856 habitualibus
443 2814 556 2856 notis
579 2813 819 2864 diversum,
845 2812 920 2855 sed
944 2826 1123 2868 quoque
1146 2825 1226 2854 sua
1249 2815 1471 2854 structura
1492 2811 1665 2855 frondis
