<?xml version="1.0" encoding="UTF-8"?>
<!DOCTYPE html PUBLIC "-//W3C//DTD XHTML 1.0 Transitional//EN"
    "http://www.w3.org/TR/xhtml1/DTD/xhtml1-transitional.dtd">
<html xmlns="http://www.w3.org/1999/xhtml" xml:lang="en" lang="en">
 <head>
  <title>
</title>
<meta http-equiv="Content-Type" content="text/html;charset=utf-8" />
  <meta name='ocr-system' content='tesseract 3.04.00' />
  <meta name='ocr-capabilities' content='ocr_page ocr_carea ocr_par ocr_line ocrx_word'/>
</head>
<body>
  <div class='ocr_page' id='page_1' title='image "./speciesgeneraeto0303agar_0012.png"; bbox 0 0 1875 3116; ppageno 0'>
   <div class='ocr_carea' id='block_1_1' title="bbox 139 179 1709 1080">
    <p class='ocr_par' dir='ltr' id='par_1_1' title="bbox 139 179 1706 622">
     <span class='ocr_line' id='line_1_1' title="bbox 139 179 1701 227; baseline -0.004 -6"><span class='ocrx_word' id='word_1_1' title='bbox 139 186 321 221; x_wconf 89' lang='lat' dir='ltr'>seribere</span> <span class='ocrx_word' id='word_1_2' title='bbox 361 186 533 219; x_wconf 85' lang='lat' dir='ltr'>conatus</span> <span class='ocrx_word' id='word_1_3' title='bbox 572 185 645 227; x_wconf 89' lang='lat' dir='ltr'>est,</span> <span class='ocrx_word' id='word_1_4' title='bbox 683 186 721 218; x_wconf 92' lang='lat' dir='ltr'>et</span> <span class='ocrx_word' id='word_1_5' title='bbox 761 183 801 217; x_wconf 91' lang='lat' dir='ltr'>in</span> <span class='ocrx_word' id='word_1_6' title='bbox 838 182 991 227; x_wconf 89' lang='lat' dir='ltr'>quibus</span> <span class='ocrx_word' id='word_1_7' title='bbox 1025 180 1284 216; x_wconf 83' lang='lat' dir='ltr'>inveniendis</span> <span class='ocrx_word' id='word_1_8' title='bbox 1312 179 1498 225; x_wconf 79' lang='lat' dir='ltr'>Systema</span> <span class='ocrx_word' id='word_1_9' title='bbox 1527 179 1701 215; x_wconf 86' lang='lat' dir='ltr'>Sexuale</span> 
     </span>
     <span class='ocr_line' id='line_1_2' title="bbox 139 245 1705 294; baseline -0.003 -10"><span class='ocrx_word' id='word_1_10' title='bbox 139 251 199 285; x_wconf 87' lang='lat' dir='ltr'>sic</span> <span class='ocrx_word' id='word_1_11' title='bbox 225 250 381 284; x_wconf 91' lang='lat' dir='ltr'>dictum</span> <span class='ocrx_word' id='word_1_12' title='bbox 409 248 566 283; x_wconf 88' lang='lat' dir='ltr'>clavem</span> <span class='ocrx_word' id='word_1_13' title='bbox 596 248 774 294; x_wconf 82' lang='lat' dir='ltr'>praebuit</span> <span class='ocrx_word' id='word_1_14' title='bbox 801 250 920 282; x_wconf 88' lang='lat' dir='ltr'>antea</span> <span class='ocrx_word' id='word_1_15' title='bbox 949 246 1033 282; x_wconf 89' lang='lat' dir='ltr'>fere</span> <span class='ocrx_word' id='word_1_16' title='bbox 1061 246 1233 281; x_wconf 90' lang='lat' dir='ltr'>omnino</span> <span class='ocrx_word' id='word_1_17' title='bbox 1268 245 1609 291; x_wconf 61' lang='lat' dir='ltr'>praetermissum.</span> <span class='ocrx_word' id='word_1_18' title='bbox 1664 245 1705 280; x_wconf 92' lang='lat' dir='ltr'>Si</span> 
     </span>
     <span class='ocr_line' id='line_1_3' title="bbox 139 310 1706 361; baseline -0.004 -11"><span class='ocrx_word' id='word_1_19' title='bbox 139 326 305 361; x_wconf 84' lang='lat' dir='ltr'>quoque</span> <span class='ocrx_word' id='word_1_20' title='bbox 334 314 489 360; x_wconf 79' lang='lat' dir='ltr'>posteri</span> <span class='ocrx_word' id='word_1_21' title='bbox 517 313 620 348; x_wconf 89' lang='lat' dir='ltr'>alios</span> <span class='ocrx_word' id='word_1_22' title='bbox 649 315 906 359; x_wconf 82' lang='lat' dir='ltr'>agnoverunt</span> <span class='ocrx_word' id='word_1_23' title='bbox 933 313 1195 347; x_wconf 77' lang='lat' dir='ltr'>characteres</span> <span class='ocrx_word' id='word_1_24' title='bbox 1223 311 1404 357; x_wconf 90' lang='lat' dir='ltr'>partium</span> <span class='ocrx_word' id='word_1_25' title='bbox 1431 310 1602 356; x_wconf 90' lang='lat' dir='ltr'>majoris</span> <span class='ocrx_word' id='word_1_26' title='bbox 1622 321 1706 345; x_wconf 87' lang='lat' dir='ltr'>mo-</span> 
     </span>
     <span class='ocr_line' id='line_1_4' title="bbox 140 375 1703 425; baseline -0.003 -10"><span class='ocrx_word' id='word_1_27' title='bbox 140 380 278 423; x_wconf 80' lang='lat' dir='ltr'>menti,</span> <span class='ocrx_word' id='word_1_28' title='bbox 317 390 364 414; x_wconf 85' lang='lat' dir='ltr'>ex</span> <span class='ocrx_word' id='word_1_29' title='bbox 403 379 555 425; x_wconf 85' lang='lat' dir='ltr'>quibus</span> <span class='ocrx_word' id='word_1_30' title='bbox 595 379 645 414; x_wconf 93' lang='lat' dir='ltr'>de</span> <span class='ocrx_word' id='word_1_31' title='bbox 685 378 957 414; x_wconf 90' lang='lat' dir='ltr'>affinitatibus</span> <span class='ocrx_word' id='word_1_32' title='bbox 999 377 1238 423; x_wconf 88' lang='lat' dir='ltr'>plantarum</span> <span class='ocrx_word' id='word_1_33' title='bbox 1275 376 1404 411; x_wconf 89' lang='lat' dir='ltr'>tutius</span> <span class='ocrx_word' id='word_1_34' title='bbox 1427 375 1703 421; x_wconf 88' lang='lat' dir='ltr'>judicandum</span> 
     </span>
     <span class='ocr_line' id='line_1_5' title="bbox 140 442 1704 492; baseline -0.003 -12"><span class='ocrx_word' id='word_1_35' title='bbox 140 448 349 492; x_wconf 88' lang='lat' dir='ltr'>putarunt,</span> <span class='ocrx_word' id='word_1_36' title='bbox 377 445 486 480; x_wconf 92' lang='lat' dir='ltr'>idem</span> <span class='ocrx_word' id='word_1_37' title='bbox 514 447 651 480; x_wconf 91' lang='lat' dir='ltr'>tamen</span> <span class='ocrx_word' id='word_1_38' title='bbox 684 444 941 479; x_wconf 88' lang='lat' dir='ltr'>Linneanum</span> <span class='ocrx_word' id='word_1_39' title='bbox 971 442 1224 489; x_wconf 86' lang='lat' dir='ltr'>principium</span> <span class='ocrx_word' id='word_1_40' title='bbox 1253 442 1319 477; x_wconf 88' lang='lat' dir='ltr'>vix</span> <span class='ocrx_word' id='word_1_41' title='bbox 1339 453 1540 487; x_wconf 87' lang='lat' dir='ltr'>umquam</span> <span class='ocrx_word' id='word_1_42' title='bbox 1560 444 1704 488; x_wconf 85' lang='lat' dir='ltr'>postea</span> 
     </span>
     <span class='ocr_line' id='line_1_6' title="bbox 139 507 1704 557; baseline -0.003 -11"><span class='ocrx_word' id='word_1_43' title='bbox 139 512 385 557; x_wconf 79' lang='lat' dir='ltr'>denegatum</span> <span class='ocrx_word' id='word_1_44' title='bbox 414 513 616 556; x_wconf 89' lang='lat' dir='ltr'>putarem.</span> <span class='ocrx_word' id='word_1_45' title='bbox 658 510 758 545; x_wconf 88' lang='lat' dir='ltr'>Esse</span> <span class='ocrx_word' id='word_1_46' title='bbox 785 509 908 555; x_wconf 83' lang='lat' dir='ltr'>igitur</span> <span class='ocrx_word' id='word_1_47' title='bbox 935 509 975 543; x_wconf 93' lang='lat' dir='ltr'>in</span> <span class='ocrx_word' id='word_1_48' title='bbox 1005 508 1330 551; x_wconf 78' lang='lat' dir='ltr'>characteribus,</span> <span class='ocrx_word' id='word_1_49' title='bbox 1359 507 1511 553; x_wconf 84' lang='lat' dir='ltr'>quibus</span> <span class='ocrx_word' id='word_1_50' title='bbox 1536 518 1704 553; x_wconf 84' lang='lat' dir='ltr'>quoque</span> 
     </span>
     <span class='ocr_line' id='line_1_7' title="bbox 139 572 1706 622; baseline -0.003 -11"><span class='ocrx_word' id='word_1_51' title='bbox 139 577 332 622; x_wconf 80' lang='lat' dir='ltr'>Algarum</span> <span class='ocrx_word' id='word_1_52' title='bbox 362 578 499 621; x_wconf 88' lang='lat' dir='ltr'>partes</span> <span class='ocrx_word' id='word_1_53' title='bbox 528 575 823 610; x_wconf 88' lang='lat' dir='ltr'>describuntur</span> <span class='ocrx_word' id='word_1_54' title='bbox 850 574 890 609; x_wconf 90' lang='lat' dir='ltr'>id</span> <span class='ocrx_word' id='word_1_55' title='bbox 918 573 1140 620; x_wconf 73' lang='lat' dir='ltr'>peculiare,</span> <span class='ocrx_word' id='word_1_56' title='bbox 1169 576 1213 608; x_wconf 91' lang='lat' dir='ltr'>ut</span> <span class='ocrx_word' id='word_1_57' title='bbox 1239 572 1330 608; x_wconf 79' lang='lat' dir='ltr'>aliis</span> <span class='ocrx_word' id='word_1_58' title='bbox 1354 572 1425 608; x_wconf 79' lang='lat' dir='ltr'>alii</span> <span class='ocrx_word' id='word_1_59' title='bbox 1443 573 1523 608; x_wconf 82' lang='lat' dir='ltr'>sin!</span> <span class='ocrx_word' id='word_1_60' title='bbox 1542 573 1706 608; x_wconf 77' lang='lat' dir='ltr'>valeres.</span> 
     </span>
    </p>

    <p class='ocr_par' dir='ltr' id='par_1_2' title="bbox 139 638 1709 1080">
     <span class='ocr_line' id='line_1_8' title="bbox 283 638 1704 687; baseline -0.002 -11"><span class='ocrx_word' id='word_1_61' title='bbox 283 641 382 676; x_wconf 87' lang='lat' dir='ltr'>Mihi</span> <span class='ocrx_word' id='word_1_62' title='bbox 402 641 570 687; x_wconf 86' lang='lat' dir='ltr'>quidem</span> <span class='ocrx_word' id='word_1_63' title='bbox 592 641 641 675; x_wconf 93' lang='lat' dir='ltr'>de</span> <span class='ocrx_word' id='word_1_64' title='bbox 662 640 935 686; x_wconf 80' lang='lat' dir='ltr'>dispositione</span> <span class='ocrx_word' id='word_1_65' title='bbox 956 638 1227 683; x_wconf 80' lang='lat' dir='ltr'>Systematica</span> <span class='ocrx_word' id='word_1_66' title='bbox 1244 638 1533 674; x_wconf 87' lang='lat' dir='ltr'>Floridearum</span> <span class='ocrx_word' id='word_1_67' title='bbox 1551 638 1704 684; x_wconf 84' lang='lat' dir='ltr'>saepius</span> 
     </span>
     <span class='ocr_line' id='line_1_9' title="bbox 139 703 1707 752; baseline -0.003 -10"><span class='ocrx_word' id='word_1_68' title='bbox 139 707 348 750; x_wconf 72' lang='lat' dir='ltr'>scribenti,</span> <span class='ocrx_word' id='word_1_69' title='bbox 377 707 464 752; x_wconf 88' lang='lat' dir='ltr'>jam</span> <span class='ocrx_word' id='word_1_70' title='bbox 498 706 550 741; x_wconf 91' lang='lat' dir='ltr'>ab</span> <span class='ocrx_word' id='word_1_71' title='bbox 584 706 701 741; x_wconf 87' lang='lat' dir='ltr'>initio</span> <span class='ocrx_word' id='word_1_72' title='bbox 730 706 769 740; x_wconf 90' lang='lat' dir='ltr'>in</span> <span class='ocrx_word' id='word_1_73' title='bbox 799 705 910 740; x_wconf 87' lang='lat' dir='ltr'>curis</span> <span class='ocrx_word' id='word_1_74' title='bbox 939 704 1065 739; x_wconf 85' lang='lat' dir='ltr'>fuisse</span> <span class='ocrx_word' id='word_1_75' title='bbox 1094 704 1275 739; x_wconf 83' lang='lat' dir='ltr'>dicerem</span> <span class='ocrx_word' id='word_1_76' title='bbox 1303 714 1349 739; x_wconf 89' lang='lat' dir='ltr'>ea</span> <span class='ocrx_word' id='word_1_77' title='bbox 1378 714 1567 750; x_wconf 86' lang='lat' dir='ltr'>quaerere</span> <span class='ocrx_word' id='word_1_78' title='bbox 1597 703 1707 750; x_wconf 86' lang='lat' dir='ltr'>prin—</span> 
     </span>
     <span class='ocr_line' id='line_1_10' title="bbox 139 769 1684 818; baseline -0.002 -11"><span class='ocrx_word' id='word_1_79' title='bbox 139 773 259 818; x_wconf 89' lang='lat' dir='ltr'>cipia,</span> <span class='ocrx_word' id='word_1_80' title='bbox 287 772 439 817; x_wconf 83' lang='lat' dir='ltr'>quibus</span> <span class='ocrx_word' id='word_1_81' title='bbox 468 772 658 807; x_wconf 83' lang='lat' dir='ltr'>insistere</span> <span class='ocrx_word' id='word_1_82' title='bbox 686 773 944 817; x_wconf 71' lang='lat' dir='ltr'>opporteret,</span> <span class='ocrx_word' id='word_1_83' title='bbox 986 770 1172 815; x_wconf 85' lang='lat' dir='ltr'>mihique</span> <span class='ocrx_word' id='word_1_84' title='bbox 1209 770 1455 815; x_wconf 83' lang='lat' dir='ltr'>adparuisse</span> <span class='ocrx_word' id='word_1_85' title='bbox 1486 772 1574 805; x_wconf 91' lang='lat' dir='ltr'>tum</span> <span class='ocrx_word' id='word_1_86' title='bbox 1602 769 1684 804; x_wconf 90' lang='lat' dir='ltr'>alio</span> 
     </span>
     <span class='ocr_line' id='line_1_11' title="bbox 140 835 1709 883; baseline -0.002 -10"><span class='ocrx_word' id='word_1_87' title='bbox 140 849 229 873; x_wconf 85' lang='lat' dir='ltr'>esse</span> <span class='ocrx_word' id='word_1_88' title='bbox 257 838 618 883; x_wconf 76' lang='lat' dir='ltr'>cystocarpiorum</span> <span class='ocrx_word' id='word_1_89' title='bbox 646 840 780 883; x_wconf 75' lang='lat' dir='ltr'>typos,</span> <span class='ocrx_word' id='word_1_90' title='bbox 814 840 901 872; x_wconf 85' lang='lat' dir='ltr'>tum</span> <span class='ocrx_word' id='word_1_91' title='bbox 934 836 1254 882; x_wconf 81' lang='lat' dir='ltr'>sphaerosporas</span> <span class='ocrx_word' id='word_1_92' title='bbox 1283 835 1364 870; x_wconf 90' lang='lat' dir='ltr'>alio</span> <span class='ocrx_word' id='word_1_93' title='bbox 1393 835 1519 870; x_wconf 90' lang='lat' dir='ltr'>modo</span> <span class='ocrx_word' id='word_1_94' title='bbox 1547 838 1709 881; x_wconf 87' lang='lat' dir='ltr'>quater-</span> 
     </span>
     <span class='ocr_line' id='line_1_12' title="bbox 142 900 1708 948; baseline -0.002 -10"><span class='ocrx_word' id='word_1_95' title='bbox 142 906 271 948; x_wconf 84' lang='lat' dir='ltr'>natas,</span> <span class='ocrx_word' id='word_1_96' title='bbox 297 907 385 938; x_wconf 90' lang='lat' dir='ltr'>tum</span> <span class='ocrx_word' id='word_1_97' title='bbox 413 906 666 938; x_wconf 84' lang='lat' dir='ltr'>structuram</span> <span class='ocrx_word' id='word_1_98' title='bbox 696 903 827 948; x_wconf 90' lang='lat' dir='ltr'>ipsius</span> <span class='ocrx_word' id='word_1_99' title='bbox 856 901 1016 937; x_wconf 85' lang='lat' dir='ltr'>frondis</span> <span class='ocrx_word' id='word_1_100' title='bbox 1044 902 1308 936; x_wconf 82' lang='lat' dir='ltr'>characteres</span> <span class='ocrx_word' id='word_1_101' title='bbox 1337 900 1536 946; x_wconf 87' lang='lat' dir='ltr'>praebere,</span> <span class='ocrx_word' id='word_1_102' title='bbox 1556 901 1708 946; x_wconf 87' lang='lat' dir='ltr'>quibus</span> 
     </span>
     <span class='ocr_line' id='line_1_13' title="bbox 141 966 1709 1014; baseline -0.001 -11"><span class='ocrx_word' id='word_1_103' title='bbox 141 970 181 1004; x_wconf 92' lang='lat' dir='ltr'>in</span> <span class='ocrx_word' id='word_1_104' title='bbox 220 969 405 1004; x_wconf 89' lang='lat' dir='ltr'>Familiis</span> <span class='ocrx_word' id='word_1_105' title='bbox 438 971 476 1003; x_wconf 87' lang='lat' dir='ltr'>et</span> <span class='ocrx_word' id='word_1_106' title='bbox 510 968 740 1003; x_wconf 84' lang='lat' dir='ltr'>Generibus</span> <span class='ocrx_word' id='word_1_107' title='bbox 768 967 1060 1014; x_wconf 81' lang='lat' dir='ltr'>dignoscendis</span> <span class='ocrx_word' id='word_1_108' title='bbox 1089 970 1127 1002; x_wconf 91' lang='lat' dir='ltr'>et</span> <span class='ocrx_word' id='word_1_109' title='bbox 1154 966 1426 1012; x_wconf 88' lang='lat' dir='ltr'>disponendis</span> <span class='ocrx_word' id='word_1_110' title='bbox 1454 966 1709 1001; x_wconf 89' lang='lat' dir='ltr'>tutissimum</span> 
     </span>
     <span class='ocr_line' id='line_1_14' title="bbox 142 1031 1708 1080; baseline -0.002 -11"><span class='ocrx_word' id='word_1_111' title='bbox 142 1035 331 1069; x_wconf 87' lang='lat' dir='ltr'>insistere</span> <span class='ocrx_word' id='word_1_112' title='bbox 371 1037 622 1080; x_wconf 85' lang='lat' dir='ltr'>opporteret.</span> <span class='ocrx_word' id='word_1_113' title='bbox 676 1033 854 1077; x_wconf 87' lang='lat' dir='ltr'>Quinam</span> <span class='ocrx_word' id='word_1_114' title='bbox 883 1036 1020 1067; x_wconf 88' lang='lat' dir='ltr'>autem</span> <span class='ocrx_word' id='word_1_115' title='bbox 1049 1032 1131 1067; x_wconf 89' lang='lat' dir='ltr'>sint</span> <span class='ocrx_word' id='word_1_116' title='bbox 1158 1032 1185 1066; x_wconf 92' lang='lat' dir='ltr'>ii</span> <span class='ocrx_word' id='word_1_117' title='bbox 1213 1032 1477 1067; x_wconf 83' lang='lat' dir='ltr'>characteres</span> <span class='ocrx_word' id='word_1_118' title='bbox 1507 1032 1546 1066; x_wconf 92' lang='lat' dir='ltr'>in</span> <span class='ocrx_word' id='word_1_119' title='bbox 1575 1031 1708 1066; x_wconf 70' lang='lat' dir='ltr'>assini—</span> 
     </span>
    </p>
   </div>
   <div class='ocr_carea' id='block_1_2' title="bbox 142 1097 1708 1208">
    <p class='ocr_par' dir='ltr' id='par_1_3' title="bbox 142 1097 1708 1208">
     <span class='ocr_line' id='line_1_15' title="bbox 142 1097 1707 1144; baseline -0.002 -10"><span class='ocrx_word' id='word_1_120' title='bbox 142 1100 294 1135; x_wconf 87' lang='lat' dir='ltr'>tatibus</span> <span class='ocrx_word' id='word_1_121' title='bbox 335 1099 614 1144; x_wconf 81' lang='lat' dir='ltr'>dijudicandis</span> <span class='ocrx_word' id='word_1_122' title='bbox 644 1120 684 1123; x_wconf 28' lang='lat' dir='ltr'><em>fi</em></span> <span class='ocrx_word' id='word_1_123' title='bbox 714 1109 894 1144; x_wconf 84' lang='lat' dir='ltr'>quorum</span> <span class='ocrx_word' id='word_1_124' title='bbox 936 1097 1124 1132; x_wconf 86' lang='lat' dir='ltr'>nonnulli</span> <span class='ocrx_word' id='word_1_125' title='bbox 1166 1097 1206 1132; x_wconf 92' lang='lat' dir='ltr'>in</span> <span class='ocrx_word' id='word_1_126' title='bbox 1248 1097 1367 1141; x_wconf 89' lang='lat' dir='ltr'>hanc,</span> <span class='ocrx_word' id='word_1_127' title='bbox 1395 1097 1486 1132; x_wconf 85' lang='lat' dir='ltr'>aliis</span> <span class='ocrx_word' id='word_1_128' title='bbox 1516 1097 1555 1132; x_wconf 93' lang='lat' dir='ltr'>in</span> <span class='ocrx_word' id='word_1_129' title='bbox 1584 1097 1707 1132; x_wconf 90' lang='lat' dir='ltr'>aliam</span> 
     </span>
     <span class='ocr_line' id='line_1_16' title="bbox 142 1163 1708 1208; baseline -0.001 -9"><span class='ocrx_word' id='word_1_130' title='bbox 142 1165 412 1200; x_wconf 85' lang='lat' dir='ltr'>directionem</span> <span class='ocrx_word' id='word_1_131' title='bbox 454 1164 719 1199; x_wconf 86' lang='lat' dir='ltr'>tendentibus</span> <span class='ocrx_word' id='word_1_132' title='bbox 748 1185 790 1188; x_wconf 74' lang='lat'>—-</span> <span class='ocrx_word' id='word_1_133' title='bbox 818 1166 912 1198; x_wconf 87' lang='lat' dir='ltr'>ante</span> <span class='ocrx_word' id='word_1_134' title='bbox 952 1163 1055 1197; x_wconf 89' lang='lat' dir='ltr'>alios</span> <span class='ocrx_word' id='word_1_135' title='bbox 1097 1163 1287 1198; x_wconf 81' lang='lat' dir='ltr'>insistere</span> <span class='ocrx_word' id='word_1_136' title='bbox 1326 1165 1568 1208; x_wconf 84' lang='lat' dir='ltr'>opporteret</span> <span class='ocrx_word' id='word_1_137' title='bbox 1597 1184 1638 1187; x_wconf 73' lang='lat'><em>-</em></span> <span class='ocrx_word' id='word_1_138' title='bbox 1668 1163 1708 1198; x_wconf 92' lang='lat' dir='ltr'>id</span> 
     </span>
    </p>
   </div>
   <div class='ocr_carea' id='block_1_3' title="bbox 141 1228 1712 2840">
    <p class='ocr_par' dir='ltr' id='par_1_4' title="bbox 141 1228 1709 1472">
     <span class='ocr_line' id='line_1_17' title="bbox 141 1228 1709 1276; baseline -0.002 -11"><span class='ocrx_word' id='word_1_139' title='bbox 141 1234 250 1266; x_wconf 87' lang='lat' dir='ltr'>certe</span> <span class='ocrx_word' id='word_1_140' title='bbox 279 1242 300 1265; x_wconf 89' lang='lat' dir='ltr'>a</span> <span class='ocrx_word' id='word_1_141' title='bbox 329 1230 468 1276; x_wconf 90' lang='lat' dir='ltr'>priore</span> <span class='ocrx_word' id='word_1_142' title='bbox 508 1239 615 1275; x_wconf 77' lang='lat' dir='ltr'>aegre</span> <span class='ocrx_word' id='word_1_143' title='bbox 655 1229 917 1275; x_wconf 89' lang='lat' dir='ltr'>dijudicatur.</span> <span class='ocrx_word' id='word_1_144' title='bbox 972 1228 1110 1263; x_wconf 86' lang='lat' dir='ltr'>Multis</span> <span class='ocrx_word' id='word_1_145' title='bbox 1146 1231 1284 1263; x_wconf 86' lang='lat' dir='ltr'>tamen</span> <span class='ocrx_word' id='word_1_146' title='bbox 1313 1240 1335 1263; x_wconf 90' lang='lat' dir='ltr'>a</span> <span class='ocrx_word' id='word_1_147' title='bbox 1365 1238 1428 1263; x_wconf 92' lang='lat' dir='ltr'>me</span> <span class='ocrx_word' id='word_1_148' title='bbox 1456 1228 1709 1274; x_wconf 88' lang='lat' dir='ltr'>comparatis</span> 
     </span>
     <span class='ocr_line' id='line_1_18' title="bbox 142 1293 1707 1339; baseline -0.001 -9"><span class='ocrx_word' id='word_1_149' title='bbox 142 1296 309 1331; x_wconf 88' lang='lat' dir='ltr'>demum</span> <span class='ocrx_word' id='word_1_150' title='bbox 350 1296 400 1330; x_wconf 93' lang='lat' dir='ltr'>de</span> <span class='ocrx_word' id='word_1_151' title='bbox 441 1296 488 1330; x_wconf 90' lang='lat' dir='ltr'>iis</span> <span class='ocrx_word' id='word_1_152' title='bbox 528 1295 778 1330; x_wconf 87' lang='lat' dir='ltr'>concludere</span> <span class='ocrx_word' id='word_1_153' title='bbox 818 1305 945 1329; x_wconf 88' lang='lat' dir='ltr'>ansus</span> <span class='ocrx_word' id='word_1_154' title='bbox 985 1305 1090 1335; x_wconf 89' lang='lat' dir='ltr'>sum,</span> <span class='ocrx_word' id='word_1_155' title='bbox 1130 1293 1283 1339; x_wconf 86' lang='lat' dir='ltr'>quibus</span> <span class='ocrx_word' id='word_1_156' title='bbox 1324 1293 1536 1328; x_wconf 80' lang='lat' dir='ltr'>nonnullae</span> <span class='ocrx_word' id='word_1_157' title='bbox 1571 1293 1707 1329; x_wconf 89' lang='lat' dir='ltr'>saltim</span> 
     </span>
     <span class='ocr_line' id='line_1_19' title="bbox 142 1359 1709 1406; baseline -0.001 -11"><span class='ocrx_word' id='word_1_158' title='bbox 142 1360 311 1396; x_wconf 76' lang='lat' dir='ltr'>familia:</span> <span class='ocrx_word' id='word_1_159' title='bbox 350 1363 413 1395; x_wconf 88' lang='lat' dir='ltr'>sat</span> <span class='ocrx_word' id='word_1_160' title='bbox 451 1360 677 1406; x_wconf 86' lang='lat' dir='ltr'>conspicue</span> <span class='ocrx_word' id='word_1_161' title='bbox 713 1369 941 1406; x_wconf 80' lang='lat' dir='ltr'>congruere</span> <span class='ocrx_word' id='word_1_162' title='bbox 971 1359 1072 1394; x_wconf 90' lang='lat' dir='ltr'>mihi</span> <span class='ocrx_word' id='word_1_163' title='bbox 1102 1370 1349 1405; x_wconf 88' lang='lat' dir='ltr'>persuasum</span> <span class='ocrx_word' id='word_1_164' title='bbox 1378 1359 1519 1403; x_wconf 68' lang='lat' dir='ltr'>habui,</span> <span class='ocrx_word' id='word_1_165' title='bbox 1546 1359 1580 1394; x_wconf 91' lang='lat' dir='ltr'>si</span> <span class='ocrx_word' id='word_1_166' title='bbox 1608 1370 1709 1405; x_wconf 89' lang='lat' dir='ltr'>quo—</span> 
     </span>
     <span class='ocr_line' id='line_1_20' title="bbox 142 1425 1022 1472; baseline -0.002 -11"><span class='ocrx_word' id='word_1_167' title='bbox 142 1438 222 1472; x_wconf 80' lang='lat' dir='ltr'>que</span> <span class='ocrx_word' id='word_1_168' title='bbox 249 1426 340 1461; x_wconf 89' lang='lat' dir='ltr'>aliis</span> <span class='ocrx_word' id='word_1_169' title='bbox 369 1426 565 1461; x_wconf 87' lang='lat' dir='ltr'>collidere</span> <span class='ocrx_word' id='word_1_170' title='bbox 594 1426 696 1460; x_wconf 90' lang='lat' dir='ltr'>mihi</span> <span class='ocrx_word' id='word_1_171' title='bbox 725 1425 1022 1471; x_wconf 88' lang='lat' dir='ltr'>adparuerunt.</span> 
     </span>
    </p>

    <p class='ocr_par' dir='ltr' id='par_1_5' title="bbox 143 1490 1712 2450">
     <span class='ocr_line' id='line_1_21' title="bbox 286 1490 1709 1536; baseline -0.001 -10"><span class='ocrx_word' id='word_1_172' title='bbox 286 1493 371 1527; x_wconf 88' lang='lat' dir='ltr'>Nee</span> <span class='ocrx_word' id='word_1_173' title='bbox 397 1494 535 1526; x_wconf 87' lang='lat' dir='ltr'>tamen</span> <span class='ocrx_word' id='word_1_174' title='bbox 565 1491 639 1526; x_wconf 89' lang='lat' dir='ltr'>has</span> <span class='ocrx_word' id='word_1_175' title='bbox 667 1491 720 1526; x_wconf 87' lang='lat' dir='ltr'>ob</span> <span class='ocrx_word' id='word_1_176' title='bbox 749 1502 896 1526; x_wconf 87' lang='lat' dir='ltr'>causas</span> <span class='ocrx_word' id='word_1_177' title='bbox 924 1501 1115 1526; x_wconf 90' lang='lat' dir='ltr'>errorum</span> <span class='ocrx_word' id='word_1_178' title='bbox 1145 1490 1343 1525; x_wconf 88' lang='lat' dir='ltr'>desistere</span> <span class='ocrx_word' id='word_1_179' title='bbox 1373 1490 1519 1526; x_wconf 89' lang='lat' dir='ltr'>vellem</span> <span class='ocrx_word' id='word_1_180' title='bbox 1547 1501 1569 1525; x_wconf 91' lang='lat' dir='ltr'>a</span> <span class='ocrx_word' id='word_1_181' title='bbox 1598 1490 1709 1536; x_wconf 89' lang='lat' dir='ltr'>prin-</span> 
     </span>
     <span class='ocr_line' id='line_1_22' title="bbox 143 1555 1712 1603; baseline -0.001 -11"><span class='ocrx_word' id='word_1_182' title='bbox 143 1558 274 1603; x_wconf 87' lang='lat' dir='ltr'>cipiis,</span> <span class='ocrx_word' id='word_1_183' title='bbox 314 1557 467 1602; x_wconf 87' lang='lat' dir='ltr'>quibus</span> <span class='ocrx_word' id='word_1_184' title='bbox 507 1567 714 1591; x_wconf 89' lang='lat' dir='ltr'>summam</span> <span class='ocrx_word' id='word_1_185' title='bbox 751 1556 875 1591; x_wconf 80' lang='lat' dir='ltr'>tidem</span> <span class='ocrx_word' id='word_1_186' title='bbox 908 1555 1229 1590; x_wconf 87' lang='lat' dir='ltr'>adtribuendam</span> <span class='ocrx_word' id='word_1_187' title='bbox 1258 1555 1426 1590; x_wconf 89' lang='lat' dir='ltr'>credidi.</span> <span class='ocrx_word' id='word_1_188' title='bbox 1480 1555 1564 1590; x_wconf 91' lang='lat' dir='ltr'>Nec</span> <span class='ocrx_word' id='word_1_189' title='bbox 1592 1555 1712 1591; x_wconf 87' lang='lat' dir='ltr'>aliter</span> 
     </span>
     <span class='ocr_line' id='line_1_23' title="bbox 144 1620 1710 1666; baseline -0.001 -9"><span class='ocrx_word' id='word_1_190' title='bbox 144 1623 184 1657; x_wconf 93' lang='lat' dir='ltr'>in</span> <span class='ocrx_word' id='word_1_191' title='bbox 213 1622 486 1657; x_wconf 72' lang='lat' dir='ltr'>affinitatibus</span> <span class='ocrx_word' id='word_1_192' title='bbox 508 1622 662 1657; x_wconf 88' lang='lat' dir='ltr'>mutuis</span> <span class='ocrx_word' id='word_1_193' title='bbox 684 1621 1037 1657; x_wconf 83' lang='lat' dir='ltr'>Delesseriearum</span> <span class='ocrx_word' id='word_1_194' title='bbox 1059 1620 1338 1666; x_wconf 90' lang='lat' dir='ltr'>dijudicandis</span> <span class='ocrx_word' id='word_1_195' title='bbox 1359 1620 1710 1666; x_wconf 83' lang='lat' dir='ltr'>progrediendum</span> 
     </span>
     <span class='ocr_line' id='line_1_24' title="bbox 145 1686 1711 1733; baseline -0.001 -11"><span class='ocrx_word' id='word_1_196' title='bbox 145 1691 255 1733; x_wconf 90' lang='lat' dir='ltr'>puto.</span> <span class='ocrx_word' id='word_1_197' title='bbox 309 1688 399 1731; x_wconf 87' lang='lat' dir='ltr'>Quo</span> <span class='ocrx_word' id='word_1_198' title='bbox 428 1688 557 1733; x_wconf 73' lang='lat' dir='ltr'>magis</span> <span class='ocrx_word' id='word_1_199' title='bbox 587 1688 736 1722; x_wconf 89' lang='lat' dir='ltr'>multas</span> <span class='ocrx_word' id='word_1_200' title='bbox 766 1687 931 1732; x_wconf 80' lang='lat' dir='ltr'>Species</span> <span class='ocrx_word' id='word_1_201' title='bbox 960 1687 1108 1721; x_wconf 87' lang='lat' dir='ltr'>harum</span> <span class='ocrx_word' id='word_1_202' title='bbox 1139 1689 1412 1732; x_wconf 81' lang='lat' dir='ltr'>congruentes</span> <span class='ocrx_word' id='word_1_203' title='bbox 1440 1686 1522 1721; x_wconf 88' lang='lat' dir='ltr'>vidi</span> <span class='ocrx_word' id='word_1_204' title='bbox 1543 1687 1711 1721; x_wconf 88' lang='lat' dir='ltr'>charac-</span> 
     </span>
     <span class='ocr_line' id='line_1_25' title="bbox 144 1751 1710 1798; baseline -0.001 -11"><span class='ocrx_word' id='word_1_205' title='bbox 144 1753 300 1788; x_wconf 90' lang='lat' dir='ltr'>teribus</span> <span class='ocrx_word' id='word_1_206' title='bbox 338 1752 634 1791; x_wconf 77' lang='lat' dir='ltr'>habitualibus,</span> <span class='ocrx_word' id='word_1_207' title='bbox 671 1764 775 1798; x_wconf 83' lang='lat' dir='ltr'>quas</span> <span class='ocrx_word' id='word_1_208' title='bbox 814 1752 1063 1798; x_wconf 85' lang='lat' dir='ltr'>posthabitis</span> <span class='ocrx_word' id='word_1_209' title='bbox 1095 1754 1165 1786; x_wconf 89' lang='lat' dir='ltr'>aut</span> <span class='ocrx_word' id='word_1_210' title='bbox 1192 1752 1364 1786; x_wconf 89' lang='lat' dir='ltr'>omnino</span> <span class='ocrx_word' id='word_1_211' title='bbox 1393 1751 1587 1797; x_wconf 80' lang='lat' dir='ltr'>neglectis</span> <span class='ocrx_word' id='word_1_212' title='bbox 1615 1752 1710 1786; x_wconf 90' lang='lat' dir='ltr'>cha-</span> 
     </span>
     <span class='ocr_line' id='line_1_26' title="bbox 146 1816 1708 1862; baseline 0 -10"><span class='ocrx_word' id='word_1_213' title='bbox 146 1818 374 1852; x_wconf 88' lang='lat' dir='ltr'>racteribus</span> <span class='ocrx_word' id='word_1_214' title='bbox 403 1829 424 1852; x_wconf 91' lang='lat' dir='ltr'>a</span> <span class='ocrx_word' id='word_1_215' title='bbox 453 1820 660 1852; x_wconf 85' lang='lat' dir='ltr'>structura</span> <span class='ocrx_word' id='word_1_216' title='bbox 699 1817 858 1852; x_wconf 88' lang='lat' dir='ltr'>frondis</span> <span class='ocrx_word' id='word_1_217' title='bbox 896 1820 966 1852; x_wconf 92' lang='lat' dir='ltr'>aut</span> <span class='ocrx_word' id='word_1_218' title='bbox 1004 1816 1191 1862; x_wconf 89' lang='lat' dir='ltr'>partibus</span> <span class='ocrx_word' id='word_1_219' title='bbox 1222 1816 1444 1852; x_wconf 78' lang='lat' dir='ltr'>fructiferis</span> <span class='ocrx_word' id='word_1_220' title='bbox 1473 1817 1708 1852; x_wconf 86' lang='lat' dir='ltr'>accuratius</span> 
     </span>
     <span class='ocr_line' id='line_1_27' title="bbox 144 1882 1708 1925; baseline -0.001 -8"><span class='ocrx_word' id='word_1_221' title='bbox 144 1883 388 1918; x_wconf 82' lang='lat' dir='ltr'>examinatis</span> <span class='ocrx_word' id='word_1_222' title='bbox 417 1883 588 1917; x_wconf 74' lang='lat' dir='ltr'>(annino</span> <span class='ocrx_word' id='word_1_223' title='bbox 617 1883 802 1917; x_wconf 87' lang='lat' dir='ltr'>diversas</span> <span class='ocrx_word' id='word_1_224' title='bbox 831 1882 1054 1917; x_wconf 84' lang='lat' dir='ltr'>observare</span> <span class='ocrx_word' id='word_1_225' title='bbox 1082 1882 1251 1925; x_wconf 86' lang='lat' dir='ltr'>credidi,</span> <span class='ocrx_word' id='word_1_226' title='bbox 1279 1892 1327 1916; x_wconf 91' lang='lat' dir='ltr'>eo</span> <span class='ocrx_word' id='word_1_227' title='bbox 1355 1882 1586 1917; x_wconf 87' lang='lat' dir='ltr'>evidentius</span> <span class='ocrx_word' id='word_1_228' title='bbox 1608 1882 1708 1916; x_wconf 87' lang='lat' dir='ltr'>mihi</span> 
     </span>
     <span class='ocr_line' id='line_1_28' title="bbox 145 1947 1709 1994; baseline -0.001 -11"><span class='ocrx_word' id='word_1_229' title='bbox 145 1948 390 1994; x_wconf 86' lang='lat' dir='ltr'>adparuisse</span> <span class='ocrx_word' id='word_1_230' title='bbox 417 1948 631 1991; x_wconf 70' lang='lat' dir='ltr'>confiteor,</span> <span class='ocrx_word' id='word_1_231' title='bbox 668 1947 984 1993; x_wconf 87' lang='lat' dir='ltr'>dispositionem</span> <span class='ocrx_word' id='word_1_232' title='bbox 1014 1948 1231 1992; x_wconf 85' lang='lat' dir='ltr'>hucusque</span> <span class='ocrx_word' id='word_1_233' title='bbox 1261 1947 1493 1982; x_wconf 87' lang='lat' dir='ltr'>naturalem</span> <span class='ocrx_word' id='word_1_234' title='bbox 1523 1947 1709 1982; x_wconf 90' lang='lat' dir='ltr'>conside-</span> 
     </span>
     <span class='ocr_line' id='line_1_29' title="bbox 146 2002 1710 2058; baseline -0.001 -10"><span class='ocrx_word' id='word_1_235' title='bbox 146 2017 277 2048; x_wconf 89' lang='lat' dir='ltr'>ratam</span> <span class='ocrx_word' id='word_1_236' title='bbox 306 2013 498 2048; x_wconf 90' lang='lat' dir='ltr'>laborare</span> <span class='ocrx_word' id='word_1_237' title='bbox 526 2013 646 2056; x_wconf 84' lang='lat' dir='ltr'>vitiis,</span> <span class='ocrx_word' id='word_1_238' title='bbox 674 2013 827 2058; x_wconf 82' lang='lat' dir='ltr'>quibus</span> <span class='ocrx_word' id='word_1_239' title='bbox 855 2012 1029 2047; x_wconf 90' lang='lat' dir='ltr'>sublatis</span> <span class='ocrx_word' id='word_1_240' title='bbox 1058 2013 1241 2058; x_wconf 87' lang='lat' dir='ltr'>primum</span> <span class='ocrx_word' id='word_1_241' title='bbox 1267 2002 1319 2047; x_wconf 86' lang='lat' dir='ltr'>de</span> <span class='ocrx_word' id='word_1_242' title='bbox 1344 2012 1546 2047; x_wconf 88' lang='lat' dir='ltr'>limitibus</span> <span class='ocrx_word' id='word_1_243' title='bbox 1566 2015 1604 2047; x_wconf 90' lang='lat' dir='ltr'>et</span> <span class='ocrx_word' id='word_1_244' title='bbox 1623 2012 1710 2047; x_wconf 80' lang='lat' dir='ltr'>affi-</span> 
     </span>
     <span class='ocr_line' id='line_1_30' title="bbox 146 2077 1709 2124; baseline -0.001 -11"><span class='ocrx_word' id='word_1_245' title='bbox 146 2080 271 2114; x_wconf 85' lang='lat' dir='ltr'>nitate</span> <span class='ocrx_word' id='word_1_246' title='bbox 309 2079 514 2113; x_wconf 82' lang='lat' dir='ltr'>Generum</span> <span class='ocrx_word' id='word_1_247' title='bbox 550 2089 644 2113; x_wconf 81' lang='lat' dir='ltr'>vera</span> <span class='ocrx_word' id='word_1_248' title='bbox 679 2078 807 2113; x_wconf 91' lang='lat' dir='ltr'>tutius</span> <span class='ocrx_word' id='word_1_249' title='bbox 840 2078 1069 2122; x_wconf 85' lang='lat' dir='ltr'>dijudicare</span> <span class='ocrx_word' id='word_1_250' title='bbox 1098 2077 1227 2112; x_wconf 87' lang='lat' dir='ltr'>liceat.</span> <span class='ocrx_word' id='word_1_251' title='bbox 1281 2078 1371 2121; x_wconf 82' lang='lat' dir='ltr'>Quo</span> <span class='ocrx_word' id='word_1_252' title='bbox 1400 2078 1529 2124; x_wconf 80' lang='lat' dir='ltr'>magis</span> <span class='ocrx_word' id='word_1_253' title='bbox 1559 2077 1709 2113; x_wconf 89' lang='lat' dir='ltr'>multas</span> 
     </span>
     <span class='ocr_line' id='line_1_31' title="bbox 146 2143 1711 2190; baseline -0.001 -11"><span class='ocrx_word' id='word_1_254' title='bbox 146 2144 312 2190; x_wconf 84' lang='lat' dir='ltr'>Species</span> <span class='ocrx_word' id='word_1_255' title='bbox 352 2145 502 2179; x_wconf 89' lang='lat' dir='ltr'>harum</span> <span class='ocrx_word' id='word_1_256' title='bbox 541 2146 815 2189; x_wconf 74' lang='lat' dir='ltr'>congruentes</span> <span class='ocrx_word' id='word_1_257' title='bbox 849 2143 931 2178; x_wconf 85' lang='lat' dir='ltr'>vidi</span> <span class='ocrx_word' id='word_1_258' title='bbox 960 2143 1273 2178; x_wconf 81' lang='lat' dir='ltr'>characteribus</span> <span class='ocrx_word' id='word_1_259' title='bbox 1301 2143 1597 2187; x_wconf 84' lang='lat' dir='ltr'>hahitualibus,</span> <span class='ocrx_word' id='word_1_260' title='bbox 1625 2154 1711 2178; x_wconf 89' lang='lat' dir='ltr'>eas-</span> 
     </span>
     <span class='ocr_line' id='line_1_32' title="bbox 146 2208 1711 2255; baseline -0.001 -11"><span class='ocrx_word' id='word_1_261' title='bbox 146 2210 239 2244; x_wconf 90' lang='lat' dir='ltr'>dem</span> <span class='ocrx_word' id='word_1_262' title='bbox 275 2220 372 2244; x_wconf 76' lang='lat' dir='ltr'>vero</span> <span class='ocrx_word' id='word_1_263' title='bbox 405 2210 581 2244; x_wconf 88' lang='lat' dir='ltr'>invicem</span> <span class='ocrx_word' id='word_1_264' title='bbox 610 2209 776 2244; x_wconf 79' lang='lat' dir='ltr'>‹liss&#39;erre</span> <span class='ocrx_word' id='word_1_265' title='bbox 803 2208 1116 2244; x_wconf 86' lang='lat' dir='ltr'>characteribus</span> <span class='ocrx_word' id='word_1_266' title='bbox 1144 2208 1214 2254; x_wconf 81' lang='lat' dir='ltr'>qui</span> <span class='ocrx_word' id='word_1_267' title='bbox 1244 2209 1445 2254; x_wconf 87' lang='lat' dir='ltr'>majorem</span> <span class='ocrx_word' id='word_1_268' title='bbox 1474 2211 1511 2243; x_wconf 88' lang='lat' dir='ltr'>et</span> <span class='ocrx_word' id='word_1_269' title='bbox 1539 2208 1711 2255; x_wconf 89' lang='lat' dir='ltr'>amplio-</span> 
     </span>
     <span class='ocr_line' id='line_1_33' title="bbox 148 2274 1708 2320; baseline -0.001 -11"><span class='ocrx_word' id='word_1_270' title='bbox 148 2286 233 2310; x_wconf 85' lang='lat' dir='ltr'>rem</span> <span class='ocrx_word' id='word_1_271' title='bbox 273 2285 496 2320; x_wconf 81' lang='lat' dir='ltr'>exposcere</span> <span class='ocrx_word' id='word_1_272' title='bbox 538 2275 786 2309; x_wconf 81' lang='lat' dir='ltr'>videbantur</span> <span class='ocrx_word' id='word_1_273' title='bbox 825 2274 1073 2320; x_wconf 71' lang='lat' dir='ltr'>indaginem,</span> <span class='ocrx_word' id='word_1_274' title='bbox 1113 2284 1161 2308; x_wconf 93' lang='lat' dir='ltr'>eo</span> <span class='ocrx_word' id='word_1_275' title='bbox 1203 2274 1330 2319; x_wconf 79' lang='lat' dir='ltr'>magis</span> <span class='ocrx_word' id='word_1_276' title='bbox 1363 2285 1501 2320; x_wconf 78' lang='lat' dir='ltr'>operae</span> <span class='ocrx_word' id='word_1_277' title='bbox 1530 2274 1708 2320; x_wconf 89' lang='lat' dir='ltr'>pretium</span> 
     </span>
     <span class='ocr_line' id='line_1_34' title="bbox 148 2339 1711 2386; baseline 0.001 -13"><span class='ocrx_word' id='word_1_278' title='bbox 148 2351 211 2374; x_wconf 86' lang='lat' dir='ltr'>me</span> <span class='ocrx_word' id='word_1_279' title='bbox 253 2339 457 2375; x_wconf 85' lang='lat' dir='ltr'>facturum</span> <span class='ocrx_word' id='word_1_280' title='bbox 499 2340 637 2386; x_wconf 86' lang='lat' dir='ltr'>putavi</span> <span class='ocrx_word' id='word_1_281' title='bbox 672 2341 703 2374; x_wconf 84' lang='lat' dir='ltr'>si</span> <span class='ocrx_word' id='word_1_282' title='bbox 734 2339 899 2385; x_wconf 89' lang='lat' dir='ltr'>Species</span> <span class='ocrx_word' id='word_1_283' title='bbox 931 2339 1280 2374; x_wconf 80' lang='lat' dir='ltr'>DelesserIearum</span> <span class='ocrx_word' id='word_1_284' title='bbox 1310 2339 1449 2384; x_wconf 87' lang='lat' dir='ltr'>quoad</span> <span class='ocrx_word' id='word_1_285' title='bbox 1478 2350 1596 2374; x_wconf 85' lang='lat' dir='ltr'>veras</span> <span class='ocrx_word' id='word_1_286' title='bbox 1624 2339 1711 2374; x_wconf 80' lang='lat' dir='ltr'>afti-</span> 
     </span>
     <span class='ocr_line' id='line_1_35' title="bbox 148 2404 1648 2450; baseline 0 -11"><span class='ocrx_word' id='word_1_287' title='bbox 148 2405 294 2440; x_wconf 87' lang='lat' dir='ltr'>nitates</span> <span class='ocrx_word' id='word_1_288' title='bbox 322 2416 367 2439; x_wconf 86' lang='lat' dir='ltr'>ex</span> <span class='ocrx_word' id='word_1_289' title='bbox 396 2405 601 2450; x_wconf 83' lang='lat' dir='ltr'>ejusmodi</span> <span class='ocrx_word' id='word_1_290' title='bbox 630 2405 943 2440; x_wconf 86' lang='lat' dir='ltr'>characteribus</span> <span class='ocrx_word' id='word_1_291' title='bbox 972 2404 1183 2447; x_wconf 87' lang='lat' dir='ltr'>deductas,</span> <span class='ocrx_word' id='word_1_292' title='bbox 1211 2404 1434 2450; x_wconf 87' lang='lat' dir='ltr'>disponere</span> <span class='ocrx_word' id='word_1_293' title='bbox 1462 2415 1648 2439; x_wconf 85' lang='lat' dir='ltr'>conarer.</span> 
     </span>
    </p>

    <p class='ocr_par' dir='ltr' id='par_1_6' title="bbox 148 2469 1710 2840">
     <span class='ocr_line' id='line_1_36' title="bbox 291 2469 1708 2516; baseline 0 -12"><span class='ocrx_word' id='word_1_294' title='bbox 291 2471 527 2505; x_wconf 86' lang='lat' dir='ltr'>Meminisse</span> <span class='ocrx_word' id='word_1_295' title='bbox 569 2471 701 2516; x_wconf 86' lang='lat' dir='ltr'>placet</span> <span class='ocrx_word' id='word_1_296' title='bbox 741 2470 1005 2516; x_wconf 67' lang='lat' dir='ltr'>praesentiam</span> <span class='ocrx_word' id='word_1_297' title='bbox 1041 2472 1111 2504; x_wconf 89' lang='lat' dir='ltr'>aut</span> <span class='ocrx_word' id='word_1_298' title='bbox 1138 2469 1344 2504; x_wconf 87' lang='lat' dir='ltr'>defectum</span> <span class='ocrx_word' id='word_1_299' title='bbox 1373 2472 1498 2504; x_wconf 79' lang='lat' dir='ltr'>costae</span> <span class='ocrx_word' id='word_1_300' title='bbox 1527 2470 1708 2515; x_wconf 78' lang='lat' dir='ltr'>propriae</span> 
     </span>
     <span class='ocr_line' id='line_1_37' title="bbox 148 2535 1709 2580; baseline 0 -11"><span class='ocrx_word' id='word_1_301' title='bbox 148 2536 430 2570; x_wconf 83' lang='lat' dir='ltr'>characterem</span> <span class='ocrx_word' id='word_1_302' title='bbox 466 2536 776 2570; x_wconf 84' lang='lat' dir='ltr'>consideratum</span> <span class='ocrx_word' id='word_1_303' title='bbox 816 2535 941 2570; x_wconf 87' lang='lat' dir='ltr'>fuisse</span> <span class='ocrx_word' id='word_1_304' title='bbox 975 2535 1063 2580; x_wconf 84' lang='lat' dir='ltr'>ejus</span> <span class='ocrx_word' id='word_1_305' title='bbox 1092 2535 1303 2579; x_wconf 84' lang='lat' dir='ltr'>momenti,</span> <span class='ocrx_word' id='word_1_306' title='bbox 1332 2538 1375 2570; x_wconf 89' lang='lat' dir='ltr'>ut</span> <span class='ocrx_word' id='word_1_307' title='bbox 1402 2535 1481 2569; x_wconf 90' lang='lat' dir='ltr'>hoc</span> <span class='ocrx_word' id='word_1_308' title='bbox 1509 2535 1709 2569; x_wconf 88' lang='lat' dir='ltr'>suadente</span> 
     </span>
     <span class='ocr_line' id='line_1_38' title="bbox 149 2600 1707 2646; baseline 0 -13"><span class='ocrx_word' id='word_1_309' title='bbox 149 2600 388 2635; x_wconf 85' lang='lat' dir='ltr'>charactere</span> <span class='ocrx_word' id='word_1_310' title='bbox 428 2612 572 2635; x_wconf 88' lang='lat' dir='ltr'>omnes</span> <span class='ocrx_word' id='word_1_311' title='bbox 614 2601 908 2645; x_wconf 77' lang='lat' dir='ltr'>Systcmaticos</span> <span class='ocrx_word' id='word_1_312' title='bbox 947 2600 1188 2646; x_wconf 87' lang='lat' dir='ltr'>primariam</span> <span class='ocrx_word' id='word_1_313' title='bbox 1222 2600 1432 2645; x_wconf 82' lang='lat' dir='ltr'>quandam</span> <span class='ocrx_word' id='word_1_314' title='bbox 1461 2600 1707 2635; x_wconf 85' lang='lat' dir='ltr'>divisionem</span> 
     </span>
     <span class='ocr_line' id='line_1_39' title="bbox 154 2664 1710 2711; baseline 0.001 -14"><span class='ocrx_word' id='word_1_315' title='bbox 154 2664 501 2700; x_wconf 77' lang='lat' dir='ltr'>l&gt;elcsscriearum</span> <span class='ocrx_word' id='word_1_316' title='bbox 531 2669 776 2711; x_wconf 49' lang='grc' dir='ltr'>(1111111-1Ὶ11057</span> <span class='ocrx_word' id='word_1_317' title='bbox 807 2665 1047 2711; x_wconf 76' lang='lat' dir='ltr'>Nitophylla</span> <span class='ocrx_word' id='word_1_318' title='bbox 1076 2677 1096 2700; x_wconf 92' lang='lat' dir='ltr'>a</span> <span class='ocrx_word' id='word_1_319' title='bbox 1128 2665 1368 2700; x_wconf 82' lang='lat' dir='ltr'>Delesseriis</span> <span class='ocrx_word' id='word_1_320' title='bbox 1394 2665 1575 2710; x_wconf 86' lang='lat' dir='ltr'>propriis</span> <span class='ocrx_word' id='word_1_321' title='bbox 1595 2675 1710 2709; x_wconf 89' lang='lat' dir='ltr'>sepa—</span> 
     </span>
     <span class='ocr_line' id='line_1_40' title="bbox 152 2729 1708 2776; baseline 0.001 -15"><span class='ocrx_word' id='word_1_322' title='bbox 152 2740 273 2763; x_wconf 81' lang='lat' dir='ltr'>rasse.</span> <span class='ocrx_word' id='word_1_323' title='bbox 329 2730 424 2764; x_wconf 74' lang='lat' dir='ltr'>Mihi</span> <span class='ocrx_word' id='word_1_324' title='bbox 467 2734 602 2765; x_wconf 87' lang='lat' dir='ltr'>autem</span> <span class='ocrx_word' id='word_1_325' title='bbox 647 2731 768 2765; x_wconf 89' lang='lat' dir='ltr'>hodie</span> <span class='ocrx_word' id='word_1_326' title='bbox 806 2731 854 2765; x_wconf 89' lang='lat' dir='ltr'>de</span> <span class='ocrx_word' id='word_1_327' title='bbox 883 2730 1023 2765; x_wconf 86' lang='lat' dir='ltr'>valore</span> <span class='ocrx_word' id='word_1_328' title='bbox 1052 2730 1175 2776; x_wconf 85' lang='lat' dir='ltr'>hujus</span> <span class='ocrx_word' id='word_1_329' title='bbox 1203 2730 1456 2764; x_wconf 86' lang='lat' dir='ltr'>characteris</span> <span class='ocrx_word' id='word_1_330' title='bbox 1484 2729 1708 2773; x_wconf 86' lang='lat' dir='ltr'>inquirenti</span> 
     </span>
     <span class='ocr_line' id='line_1_41' title="bbox 150 2793 1708 2840; baseline 0.001 -13"><span class='ocrx_word' id='word_1_331' title='bbox 150 2794 393 2839; x_wconf 83' lang='lat' dir='ltr'>adparuisse</span> <span class='ocrx_word' id='word_1_332' title='bbox 431 2798 515 2829; x_wconf 86' lang='lat' dir='ltr'>tum</span> <span class='ocrx_word' id='word_1_333' title='bbox 555 2796 710 2830; x_wconf 82' lang='lat' dir='ltr'>formas</span> <span class='ocrx_word' id='word_1_334' title='bbox 745 2796 820 2831; x_wconf 77' lang='lat' dir='ltr'>rile</span> <span class='ocrx_word' id='word_1_335' title='bbox 847 2798 1038 2840; x_wconf 76' lang='lat' dir='ltr'>costatus,</span> <span class='ocrx_word' id='word_1_336' title='bbox 1066 2798 1102 2830; x_wconf 88' lang='lat' dir='ltr'>et</span> <span class='ocrx_word' id='word_1_337' title='bbox 1131 2795 1229 2830; x_wconf 90' lang='lat' dir='ltr'>hinc</span> <span class='ocrx_word' id='word_1_338' title='bbox 1257 2794 1498 2830; x_wconf 85' lang='lat' dir='ltr'>Delesseriis</span> <span class='ocrx_word' id='word_1_339' title='bbox 1526 2793 1708 2840; x_wconf 87' lang='lat' dir='ltr'>propriis</span> 
     </span>
    </p>
   </div>
  </div>
 </body>
</html>
