1875 3116
180 98 263 139 104
762 96 801 138 N
807 110 1155 139 EUROGLOSSEAE.
1463 98 1736 152 Platyclz'nia.

316 215 493 270 Species
533 215 669 270 hujus
708 214 894 256 Generis
928 214 1142 256 exteriore
1176 229 1256 257 sua
1289 215 1435 257 forma
1467 220 1510 258 et
1542 220 1632 258 toto
1665 216 1737 258 ad-

174 292 325 342 spectu
362 286 564 328 habitum
598 285 959 341 Niiopliyllorum
987 286 1049 327 ita
1071 286 1247 336 referre,
1274 290 1322 328 nt
1344 287 1511 341 species
1535 287 1736 343 ejusdem

174 358 276 399 huic
310 357 469 398 Generi
504 355 664 398 relatas
696 355 847 405 fuisse,
871 356 947 398 vix
971 356 1196 412 quispiam
1220 357 1470 399 miraretur.
1525 358 1737 401 Attamen

173 429 353 475 formas,
389 441 500 482 quas
533 433 708 482 egomet
742 431 789 469 nt
820 427 988 482 species
1012 427 1117 469 novi
1143 427 1329 470 Generis
1353 442 1580 472 assumere
1602 444 1737 473 ausus

173 514 285 545 sum,
336 513 439 540 cum
487 498 809 553 speciminibus
858 498 1127 541 authenticis
1175 513 1447 555 compara-re,
1499 500 1608 542 mihi
1650 516 1737 544 non

171 570 361 618 licuisse,-
394 570 589 625 ingenue
622 571 715 625 jam
749 570 804 612 ab
838 570 965 612 initio
998 570 1305 612 confitendum
1339 573 1506 626 putavi.
1569 572 1637 613 Ex
1670 571 1738 613 de-

172 642 487 697 scriptionibus
537 656 640 684 vero
680 647 723 684 et
762 641 965 684 iconibus
999 641 1112 683 datis
1146 642 1327 684 easdem
1360 657 1462 684 cum
1496 643 1738 698 Speciebus

171 730 192 755 a
230 714 412 769 Harvey
458 713 702 768 descriptis,
749 728 869 755 1111110
903 727 1083 768 quoque
1116 713 1315 768 depictis,
1350 713 1412 755 ita
1443 718 1738 769 congruentes

174 785 275 833 vidi,
312 790 360 826 ut
393 784 670 826 identitatem
706 799 808 826 011111
833 784 901 826 his
924 784 1242 826 assumendam
1269 786 1433 839 putavi,
1460 800 1738 841 quamquam

170 861 427 912 comparata
460 861 683 898 structura
715 863 757 898 et
790 856 1146 898 fructificationis
1170 856 1318 899 indole
1345 857 1425 899 rite
1449 858 1737 912 interpretata

170 943 338 970 novum
373 932 531 983 typum
565 927 836 970 Genericum
868 927 914 969 in
948 928 1016 970 his
1051 928 1291 983 Speciebus
1324 928 1471 979 latere,
1497 943 1587 970 non
1614 928 1739 984 potui

170 999 279 1054 quin
312 1013 601 1041 assumerem.

312 1070 397 1113 His
422 1070 505 1112 ·ita
551 1071 779 1121 confessis,
826 1070 879 1112 de
919 1070 1248 1112 characterilms
1282 1071 1421 1112 nostri
1456 1071 1642 1113 Generis
1676 1085 1736 1113 se-

169 1142 353 1197 quentia
386 1142 546 1183 afferre
581 1141 768 1196 placuit:

312 1212 471 1262 Quoad
506 1213 756 1255 liabituales
790 1218 930 1263 notas,
967 1213 1144 1269 Species
1179 1213 1282 1255 novi
1316 1214 1502 1255 Generis
1540 1214 1602 1255 ita
1633 1228 1735 1256 cum

169 1285 438 1340 Nitopliyllis
487 1291 743 1340 congruere,
789 1289 837 1326 ut
876 1285 1053 1340 Species
1087 1285 1292 1339 ejusdem
1326 1285 1419 1327 sine
1454 1285 1732 1327 lifesitatione

168 1356 363 1411 quadam
415 1356 517 1397 huic
563 1356 726 1398 Generi
764 1356 924 1398 relatas
961 1356 1108 1402 fuisse,
1146 1356 1344 1411 primum
1378 1355 1735 1398 animadvertere

170 1428 347 1482 placuit.
414 1427 533 1468 Dum
568 1442 671 1470 vero
704 1428 750 1468 in
792 1427 1064 1482 Nitophyllis
1097 1427 1307 1469 omnibus
1342 1427 1531 1482 propriis
1565 1427 1735 1469 cellulae

169 1499 340 1541 frondis
389 1500 627 1541 exteriores
678 1499 960 1541 interioribus
1000 1499 1083 1540 rite
1123 1499 1415 1554 superpositze
1447 1504 1733 1553 generantur,

169 1570 378 1625 utrinque
412 1570 541 1625 qnasi
573 1585 598 1612 a
630 1569 789 1612 cellula
822 1570 970 1612 media
1004 1570 1175 1612 frondis
1199 1569 1346 1612 radios
1370 1570 1557 1625 paginas
1582 1584 1735 1612 versus

171 1643 427 1691 formantes,
473 1642 653 1683 cellulas
694 1642 873 1684 intimas
910 1642 1180 1695 Platyclim'oe
1213 1641 1505 1683 exterioribus
1539 1645 1606 1683 sat
1639 1656 1735 1683 con-

168 1713 319 1768 spicue
368 1713 560 1767 majores
609 1713 814 1762 dicerem,
858 1714 939 1755 hoc
981 1717 1185 1768 respectu
1219 1713 1474 1768 analogiam
1506 1712 1737 1768 quandam

167 1798 268 1825 cuin
319 1789 552 1835 structura,
603 1799 739 1840 quam
784 1785 828 1826 in
870 1784 1169 1840 Botryocarpa
1202 1784 1346 1839 magis
1380 1784 1643 1839 perductam
1676 1783 1737 1825 di-

167 1870 324 1897 cerem.
392 1855 527 1897 Extra
561 1856 640 1897 lias
674 1856 854 1898 intimas
888 1855 1068 1897 cellulas
1116 1855 1387 1911 Platycliniae
1420 1856 1568 1910 plures
1602 1855 1736 1897 series

167 1927 405 1968 exteriores
440 1928 655 1969 formatas
690 1927 793 1977 vidi,
830 1927 997 1969 sensim
1031 1927 1315 1982 superficiem
1351 1940 1504 1968 versus
1539 1926 1734 1968 minores

168 2003 209 2039 ct
256 1999 316 2040 ita
364 1997 548 2040 demum
597 1997 846 2053 dispositas
899 2002 947 2040 ut
994 1997 1181 2052 singulis
1228 1997 1512 2053 interioribus
1544 1998 1736 2052 geminae

168 2070 406 2111 ‹·xte1·iores
440 2070 731 2124 superpositae
764 2070 1030 2120 obveniant;
1070 2074 1113 2111 et
1146 2069 1228 2111 1100
1262 2068 1445 2124 quidem
1479 2069 1525 2110 in
1558 2069 1735 2110 extimis

169 2141 229 2182 ita
263 2140 538 2196 perductum,
587 2146 636 2182 nt
668 2141 845 2182 extimze
878 2140 1177 2195 quaternatim
1209 2140 1376 2195 junctae
1409 2139 1596 2195 singulis
1628 2140 1734 2181 inte-

171 2212 357 2253 rioribus
391 2212 681 2267 superpositoe
715 2211 970 2254 obveniant.
1036 2211 1139 2266 Ipsa
1170 2211 1253 2253 hac
1277 2210 1568 2266 dispositione
1591 2211 1736 2266 (cellu-

170 2282 327 2337 larum)
352 2283 716 2338 bi-quaternatim
738 2283 1009 2338 junctarum,
1036 2282 1244 2324 frondem
1268 2282 1549 2336 Platyclc'nioe,
1574 2296 1599 2323 a
1621 2282 1735 2324 facie

168 2353 462 2402 (dmm-vatam,
498 2354 673 2395 facilius
706 2353 966 2408 dignoscere
1000 2353 1132 2396 licere
1165 2368 1191 2395 a
1225 2353 1496 2409 Nitophyllis
1529 2353 1733 2408 propriis,

168 2425 259 2478 jam
295 2425 437 2479 primo
473 2425 637 2466 intuitu
671 2425 897 2480 adpareat.

315 2495 371 2536 llt
416 2495 510 2549 jam
559 2510 695 2551 snpra
742 2496 1098 2539 animadvertere
1147 2495 1324 2551 placuit,
1360 2509 1463 2536 011111
1511 2494 1731 2550 ejusmodi

169 2564 470 2619 dispositionis
505 2582 663 2609 norma
695 2568 842 2609 saltim
875 2568 921 2608 in
956 2567 1184 2609 nonnullis
1216 2566 1502 2608 Delesserieis
1530 2566 1734 2621 junctam

170 2650 262 2676 csse
312 2637 598 2692 adimratum»
628 2638 868 2694 quendam,
910 2639 1038 2693 qnasi
1082 2637 1254 2679 reticuli
1287 2637 1520 2687 interioris,
1555 2636 1734 2679 cellulas

171 2705 367 2748 diversas
401 2710 758 2751 anastomosibus
797 2709 1124 2764 conjungentis.
1191 2709 1281 2750 Nec
1314 2709 1434 2749 hunc
1468 2707 1732 2763 adparatum

171 2776 213 2815 in
267 2777 537 2831 l'latycliniis
587 2780 784 2829 deficere,
836 2794 1114 2835 quamquam
1159 2779 1297 2821 multo
1336 2779 1484 2820 minus
1518 2792 1655 2833 qnam
1688 2779 1733 2819 111

177 2846 462 2899 Νειιγωςχίοδείὸ
485 2851 727 2901 evolutum,
754 2852 835 2893 1100
858 2851 952 2893 1000
976 2865 1155 2906 quoque
1178 2850 1532 2892 animadvertere
1551 2849 1728 2905 placuit.
