1875 3116
210 83 230 122 1
239 83 293 123 10
793 81 959 123 ΝΕΠΒΟ
965 96 1186 125 GLoserAE.
1493 85 1771 139 Platyclinia.

205 200 483 243 quodammodo
510 200 665 233 dubiam
692 200 871 239 dicerem3
905 200 1037 234 habitu
1065 200 1118 234 ita
1143 201 1326 235 suadente
1351 202 1430 236 fere
1456 204 1582 246 potius
1609 204 1656 237 ad
1682 204 1771 237 Hol-

205 260 361 293 mesiam
401 259 741 302 adproximandam
778 263 941 302 putares.
993 260 1073 293 Fila
1099 263 1224 293 autem
1253 261 1538 305 gemmidiifera‚
1566 264 1703 306 quibus
1731 264 1769 296 in

204 319 390 352 affinitate
427 318 633 361 judicanda
671 318 825 361 majoris
864 319 1047 352 momenti
1087 320 1341 353 characterem
1380 321 1493 355 hodie
1526 323 1769 356 tribuendum

204 379 356 420 credidi,
396 378 522 421 potins
562 378 694 420 Algam
735 378 988 421 Nitophylleis
1027 379 1365 421 adproximandam
1402 381 1560 414 suadere
1586 386 1770 424 putarem.

206 438 296 472 Haec
335 438 436 470 enim
476 437 540 470 fila
577 437 701 479 quoad
739 448 846 470 suam
884 439 1042 471 formam
1080 438 1320 481 potissimum
1359 442 1490 483 typum
1519 441 1772 484 Nitophylleis

206 497 420 539 proximum
460 497 626 530 indicare
665 497 757 529 mihi
798 497 1064 540 adparuerunt.
1116 498 1293 531 Attamen
1330 499 1460 532 eadem
1493 502 1573 532 tum
1600 500 1771 534 breviora

203 556 292 598 vidi,
334 567 403 589 nec
439 567 459 589 a
495 556 669 599 placenta
699 556 851 599 propria
877 560 913 589 et
939 557 1086 590 elevata
1111 557 1300 599 exeuntia,
1328 558 1394 591 sed
1421 559 1549 591 omnia
1575 560 1681 601 quasi
1708 560 1771 592 im-

204 616 367 649 mediate
406 626 451 648 ex
491 618 570 648 toto
609 615 728 649 fundo
766 616 884 648 basali
919 616 1116 659 perh-arpii
1154 617 1425 659 provenientia,
1453 621 1491 651 et
1516 619 1622 660 quasi
1650 619 1769 661 magis

202 675 351 716 singula
389 686 456 717 per
493 685 534 708 se
567 686 613 708 ex
646 675 759 718 plano
786 676 905 708 basali
933 676 1131 718 pericarpii
1158 677 1352 715 exeuntia;
1381 677 1506 711 media
1531 678 1664 711 horum
1694 678 1770 712 vidi

209 735 382 768 breviora
408 738 445 767 et
472 737 606 775 erecta,
633 737 721 768 ante
747 735 872 777 ipsum
900 735 1194 778 carpostomium
1223 736 1311 774 sita;
1332 737 1415 769 aliis
1434 737 1472 769 in
1493 737 1564 769 filis
1583 738 1775 780 paulisper

205 794 449 836 longiorilms,
489 805 509 827 a
548 794 668 836 magis
705 794 952 837 periplicricis
981 795 1178 838 pericarpii
1207 795 1423 837 regionibus
1451 797 1772 839 provenientibus,

210 854 503 897 carpostomiuin
533 865 664 887 versus
693 853 1023 887 adscendentibus.
1073 855 1203 897 Ipsum
1233 855 1481 898 pericarpium
1511 856 1655 889 cellulis
1682 856 1772 889 radi-

204 913 368 955 antibus,
397 913 647 956 superpositis
676 913 861 956 plurimis,
890 924 1010 955 usque
1039 914 1082 947 12
1108 914 1146 946 in
1173 914 1270 947 serie
1297 914 1483 957 ejusmodi
1515 916 1773 958 superpositas

203 973 296 1011 vidi;
337 973 420 1016 ipso
463 973 715 1015 carpostomio
754 973 895 1006 hiante.
948 974 1079 1013 Quoad
1120 974 1279 1006 sormam
1314 974 1524 1017 pericarpii,
1551 975 1642 1007 illud
1671 985 1773 1008 more

202 1032 443 1075 hltophxlloi
447 1044 509 1065 um
537 1043 685 1074 quoque
712 1032 933 1075 depressum
961 1033 1136 1066 dicerem.

345 1091 590 1134 Compaianti
630 1092 724 1124 mihi
764 1092 862 1124 hanc
896 1095 1124 1125 smmturam
1152 1093 1362 1135 pericaipii
1390 1094 1495 1135 quasi
1524 1094 1638 1127 radiis
1664 1067 1772 1127 sellu

204 1151 324 1184 larum
366 1154 595 1192 contextam
635 1154 673 1184 ct
710 1152 900 1184 defectum
937 1151 1119 1194 placentae
1146 1153 1317 1195 propria
1346 1156 1383 1185 et
1408 1153 1471 1186 fila
1497 1153 1770 1195 gemmidiifeia

205 1222 226 1244 a
264 1211 384 1244 fundo
424 1211 542 1244 basali
583 1210 780 1253 pericarpii
823 1211 1012 1251 exeuntia,
1050 1215 1088 1244 at
1114 1212 1236 1253 quoad
1263 1223 1368 1245 suani
1398 1213 1557 1245 formam
1586 1223 1669 1246 culn
1698 1213 1771 1245 illis

201 1270 507 1313 Nitopliyllorum
548 1270 805 1312 congruentia,
841 1281 917 1303 non
944 1270 1050 1312 potui
1077 1270 1168 1312 quin
1196 1271 1363 1314 plantam
1392 1271 1451 1304 his
1479 1272 1664 1305 affinitate
1690 1283 1771 1315 pro-

200 1330 341 1363 ximam
383 1330 607 1373 suspicarer,
647 1340 876 1372 quamquam
915 1329 1037 1363 colore
1064 1330 1210 1363 frondis
1238 1330 1400 1363 alienam
1427 1332 1556 1364 forsan
1583 1331 1770 1374 quispiam

204 1393 364 1432 urgeret.
417 1389 681 1423 Consideranti
710 1389 803 1421 mihi
831 1399 980 1431 quoque
1006 1392 1234 1423 structuram
1262 1390 1406 1423 frondis
1434 1390 1486 1423 ita
1512 1391 1559 1424 ab
1586 1391 1649 1424 illa
1672 1391 1770 1424 Nito—

199 1449 415 1492 phyllorum
455 1449 643 1483 diversam
684 1459 778 1489 esse,
819 1451 861 1481 ut
900 1448 1045 1482 intimae
1082 1449 1226 1482 cellulae
1253 1449 1448 1483 evidenter
1473 1450 1636 1493 majores
1663 1450 1771 1493 adpa-

203 1512 311 1542 reant
337 1519 448 1551 quam
478 1508 696 1550 exteriores,
724 1519 882 1550 quarum
911 1508 1081 1550 geminas
1108 1508 1267 1550 singulis
1287 1509 1528 1542 interioribus
1547 1510 1585 1542 in
1604 1509 1770 1543 sectione

196 1568 441 1602 transversali
477 1568 740 1611 superpositas
779 1568 980 1602 observare
1007 1567 1159 1609 credidi,
1188 1568 1347 1603 increvit
1372 1568 1465 1601 mihi
1493 1569 1612 1612 magis
1638 1569 1769 1611 magis.

199 1638 271 1669 que
310 1627 450 1670 opinio,
490 1630 622 1671 typum
663 1627 736 1660 sibi
778 1627 972 1670 proprium
1014 1627 1051 1660 in
1091 1627 1161 1660 hac
1199 1627 1326 1670 specie
1361 1638 1444 1661 esse
1477 1628 1767 1671 agnoscendum-

198 1687 420 1720 Meminisse
456 1687 579 1730 placet
613 1690 694 1720 tum
732 1686 936 1719 nonnullas
964 1686 1056 1719 alias
1084 1687 1247 1720 existere
1272 1687 1578 1731 Nitophyllorum
1607 1688 1769 1731 Species,

202 1746 341 1788 quibus
368 1747 482 1780 hodie
509 1757 649 1780 novum
680 1746 810 1779 Genus
838 1746 1071 1789 Platycliniae
1099 1756 1223 1779 creare
1249 1757 1364 1780 ausus
1391 1758 1487 1789 sum,
1506 1747 1605 1790 quod
1625 1747 1769 1790 placen—

198 1805 341 1839 tatione
380 1806 572 1839 consimili
611 1809 648 1839 et
688 1805 814 1839 indole
853 1805 1014 1847 filorum,
1054 1805 1092 1838 in
1126 1806 1263 1848 quibus
1291 1806 1504 1840 Gemmidia
1531 1810 1768 1849 generantur,

195 1865 397 1907 analogum
437 1865 468 1898 si
508 1876 585 1899 non
621 1866 761 1904 affine;
790 1865 850 1898 his
878 1865 1049 1907 Speciem
1077 1876 1214 1899 novam
1243 1866 1580 1908 adproximandam
1609 1876 1691 1900 esse
1718 1866 1769 1899 ita

200 1924 350 1958 facilius
390 1926 518 1958 forsan
557 1925 642 1967 quis
682 1925 860 1958 crederet.
914 1924 1094 1957 Attamen
1120 1924 1282 1958 colorem
1310 1925 1456 1959 frondis
1482 1926 1521 1958 in
1548 1925 1658 1959 dictis
1685 1926 1767 1968 spe-

197 1984 327 2018 ciebus
354 1987 391 2017 et
417 1987 539 2018 totum
567 1984 742 2017 habitum
771 1983 823 2016 ita
850 1994 935 2017 cum
961 1983 1193 2026 Nitophyllis
1220 1985 1433 2026 convenire,
1460 1988 1502 2018 ut
1528 1985 1596 2018 has
1622 1984 1767 2028 species

194 2043 310 2076 nullis
349 2043 509 2076 omnino
548 2043 671 2076 allatis
711 2043 838 2076 dubiis
874 2043 921 2076 ad
957 2043 1178 2086 Nitophylla
1204 2043 1436 2086 pertinentes
1463 2045 1659 2086 hucusque
1685 2055 1767 2077 con—

199 2103 460 2137 sideraverint.
488 2122 529 2126 ——
559 2104 615 2135 Ex
655 2103 773 2136 altera
810 2113 899 2137 vero
939 2105 1043 2145 parte
1082 2113 1230 2144 quoque
1268 2103 1488 2136 meminisse
1526 2103 1649 2146 placet
1674 2103 1766 2137 alias

199 2162 379 2196 obvenire
407 2163 559 2203 formas,
587 2163 717 2205 quales
745 2162 952 2201 Holmesia,
972 2173 1065 2204 quas
1092 2162 1171 2195 suis
1199 2163 1489 2205 characteribus,
1511 2174 1557 2195 ex
1578 2163 1703 2196 indole
1730 2166 1767 2196 et

205 2224 394 2255 structura
431 2222 505 2255 sori
546 2222 686 2265 petitis,
725 2222 817 2255 alias
856 2232 988 2255 versus
1027 2222 1231 2255 affinitates
1263 2223 1462 2255 tendentes
1493 2222 1576 2266 jure
1602 2223 1765 2265 quodam

194 2284 360 2314 statuere
386 2292 501 2315 ausus
527 2292 623 2315 sum.

344 2461 394 2494 Ut
421 2460 512 2493 alias
539 2460 688 2502 plantas
715 2460 807 2493 mihi
837 2460 1022 2493 affinitate
1048 2460 1182 2493 dubias
1209 2460 1371 2493 dicerem
1389 2458 1434 2501 ’Ὃς

199 2541 548 2583 NITOPHYLLUM
585 2557 847 2584 CRISPATUM
881 2544 1020 2585 Harv.
1059 2543 1200 2597 Crypt.
1234 2544 1426 2585 Antaret.

342 2626 403 2659 Mo
442 2625 558 2669 hujus
599 2626 744 2669 Speciei
783 2627 1021 2669 Harveyanae
1059 2626 1205 2659 nullum
1244 2626 1437 2669 specimen
1472 2625 1623 2668 vidisse,
1650 2626 1762 2659 hodie

195 2684 314 2718 doleo.
372 2685 546 2718 Plantam
589 2696 677 2719 vero
717 2686 845 2727 habui,
886 2696 931 2718 ex
970 2686 1160 2719 Australia
1197 2688 1252 2728 (ut
1289 2685 1438 2728 dicitur)
1473 2688 1608 2726 ortam,
1648 2696 1760 2727 quain

345 2790 377 2833 ⁹⁶)
403 2791 479 2824 Sub
506 2792 660 2825 nomine
687 2793 944 2826 HEMINEURA
972 2801 1160 2826 CRUENTA
1188 2791 1401 2836 Harveyum
1427 2792 1465 2824 in
1491 2790 1547 2824 Fl.
1571 2790 1660 2824 Nov.
1685 2790 1757 2824 Zel.

196 2859 236 2891 p.
264 2851 342 2883 240
379 2850 546 2892 plantam
586 2851 832 2894 descripsisse
871 2854 1029 2894 constat,
1064 2852 1173 2894 cujus
1204 2851 1349 2884 nullum
1376 2850 1550 2893 equidem
1577 2850 1653 2884 vidi
1680 2861 1758 2893 spe-
