1875 3116
80 95 374 138 Schizoneum.
701 94 1017 135 DELESSERIAE.
1562 94 1639 134 165

76 214 204 268 Bory,
240 227 290 254 eo
324 227 465 268 usque
500 213 553 255 D.
588 214 802 255 sinuosam
836 213 999 254 referre
1032 211 1213 261 diceres,
1250 216 1298 252 ut
1331 211 1366 253 si
1400 210 1637 266 Specimen

75 284 302 339 depictum
344 283 398 324 ad
440 285 628 333 Fa‘roas,
670 297 748 325 nec
782 283 838 324 ad
874 283 1125 325 ΜαῖοηιῗνιιιικἸ
1158 282 1320 324 lectum
1354 281 1528 331 dixerit,
1565 282 1638 324 vix

75 355 300 409 quispiam
335 355 416 396 lioe
449 368 474 395 a
508 354 558 396 D.
594 355 776 396 sinuosa.
809 354 1036 396 diversum
1071 353 1306 408 putaverit.
1373 352 1504 401 Quod
1533 352 1635 394 dein

76 426 279 482 ejusdem
313 427 476 481 plantae
509 427 733 481 specimen
770 425 972 480 depinxit
1006 424 1202 479 Harvey,
1236 424 1346 465 soris
1369 424 1637 466 instructum

74 497 290 552 plurimis,
328 497 510 538 minutis
544 502 586 538 et
622 496 881 543 rotundatis,
917 495 1046 551 quasi
1079 495 1173 537 sine
1207 495 1448 549 conspicuo
1482 495 1636 537 ordine

74 569 120 610 in
154 568 324 610 laciniis
365 572 489 609 extra
527 571 669 609 costas
703 567 986 621 costulasque
1019 565 1257 621 dispositis,
1293 565 1544 608 evidentius
1578 565 1636 606 di-

74 654 253 682 versum
286 639 500 694 adparere
535 638 710 680 facilius
743 642 875 693 patet.
941 637 1076 679 Suam
1111 639 1306 692 speeiem
1339 638 1454 679 inter
1479 637 1633 680 Delass.

75 710 238 765 Lgsallie'
269 713 312 751 et
345 709 436 752 Del.
462 709 637 751 Dare-isis
667 709 714 749 in
751 710 848 750 Ner.
874 709 1020 751 Austr.
1055 708 1317 763 Harveyum
1351 708 1636 763 disposuisse,

73 781 204 823 hodie
251 780 508 822 meminisse
542 780 696 835 placet.
763 780 807 821 Si
841 793 943 821 cum
979 780 1231 834 Specimine
1265 794 1290 821 a
1322 780 1533 835 Harveyo
1567 780 1635 821 de-

73 853 189 908 picto
223 853 292 907 (ex
326 852 436 893 mari
469 850 667 905 australi)
701 855 1019 905 comparantur
1050 850 1147 895 alia,
1174 851 1219 891 in
1243 850 1338 903 Alq.
1367 852 1467 893 Eoes.
1493 851 1632 893 Amor.

73 924 241 966 Boreal.
276 924 350 965 sub
382 937 450 964 πςο
485 926 540 964 65
588 937 642 964 ex
690 921 932 963 (iialijl'lll‘d
980 921 1227 967 distributa,
1279 922 1452 965 facilius
1486 928 1636 978 patere

71 999 273 1050 putarem
309 1008 446 1049 quain
480 993 607 1035 facile
641 993 929 1049 decipiamur,
957 993 991 1035 si
1015 994 1235 1048 ejusmodi
1262 995 1376 1036 notis
1400 1009 1453 1036 ex
1477 994 1634 1036 habitu

71 1066 272 1108 deductis
296 1065 539 1107 affinitates
563 1064 940 1106 Delesseriearum
964 1064 1211 1119 dijudicare
1236 1066 1564 1120 persisterimus
1581 1065 1632 1121 ³¹²).

74 1137 183 1178 Mihi
216 1136 399 1192 quidem
431 1135 563 1177 hodie
597 1136 864 1191 peculiarem
900 1135 991 1177 vini
1025 1136 1172 1190 potius
1205 1141 1439 1178 structurae
1462 1137 1635 1179 charac—

71 1208 239 1251 teribus
280 1207 553 1255 attribuenti,
596 1207 680 1248 hoc
721 1212 925 1262 respectu
970 1221 1150 1262 quoque
1183 1207 1634 1250 animadvertendum

70 1279 342 1335 adparuisse,
398 1278 737 1333 dispositionem
790 1278 1063 1328 cellularum,
1120 1278 1283 1333 quibus
1333 1279 1540 1321 frondem
1588 1280 1634 1321 in

70 1351 125 1393 D.
162 1350 422 1403 Quercefolia
465 1354 722 1391 contextam
762 1349 865 1399 vidi,
901 1349 1130 1404 quandam
1162 1349 1360 1392 indicare
1393 1364 1634 1406 congruen-

69 1423 178 1464 tiam
211 1437 312 1464 cum
348 1422 637 1477 dispositione
671 1421 944 1469 cellularum,
981 1435 1118 1476 quam
1156 1421 1426 1477 Nitophyllis
1459 1422 1632 1464 charac-

69 1495 310 1536 teristicam
344 1494 510 1549 putavi.
577 1494 864 1549 Cystocarpia
898 1492 1112 1534 nimirum
1144 1493 1281 1548 hujus
1305 1493 1477 1548 Speciei
1501 1493 1633 1535 hodie

69 1566 345 1607 examinanti
394 1565 517 1615 mihi,
567 1565 724 1606 eadem
772 1564 1007 1607 observare
1055 1563 1222 1606 credidi
1260 1578 1341 1606 nec
1374 1568 1517 1615 costae,
1553 1579 1634 1607 nec

69 1636 248 1679 costulis
297 1637 587 1692 superposita,
638 1636 715 1678 sed
758 1636 885 1691 quasi
919 1650 944 1677 a
977 1635 1325 1691 parenehymate
1362 1635 1633 1678 intereostali

68 1708 115 1749 in
148 1707 434 1750 alteruteram
468 1708 680 1763 paginam
713 1707 988 1762 prominula;
1024 1707 1122 1762 ipso
1155 1707 1402 1762 pericarpio
1425 1711 1632 1749 contexto

69 1779 236 1821 cellulis
285 1779 551 1827 subcubicis,
594 1779 722 1833 quasi
762 1779 808 1820 in
842 1779 975 1820 series
1009 1782 1260 1820 extrorsum
1294 1778 1516 1821 radiantes
1550 1778 1632 1821 dis-

70 1851 236 1906 positis.
287 1849 446 1899 Quoad
469 1850 585 1892 hanc
608 1850 946 1905 dispasitionem
970 1849 1363 1904 Cystocarpiorum
1386 1850 1432 1891 in
1456 1849 1628 1895 fronde,

69 1926 111 1964 et
143 1926 411 1963 structuram
444 1921 679 1977 pericarpii
713 1936 783 1963 me
817 1922 863 1962 in
895 1921 949 1963 D.
975 1922 1209 1963 dielwtoma
1232 1920 1308 1963 vix
1330 1920 1634 1963 differentiam

68 1992 298 2048 quandam
330 1993 601 2043 observasse,
639 1992 767 2034 hodie
801 1992 965 2034 dixisse
999 1992 1155 2047 placet,
1190 1996 1344 2047 utpote
1368 1992 1413 2033 in
1436 1992 1505 2033 his
1528 2006 1633 2047 quo-

68 2078 155 2118 que
187 2064 441 2119 analogiam
474 2063 704 2119 quandam
737 2078 841 2105 cum
871 2067 1093 2105 structura
1115 2064 1162 2105 in
1184 2063 1456 2119 Nitophyllis
1479 2063 1633 2106 adesse

68 2139 295 2190 putarem;
346 2135 455 2177 dum
492 2135 539 2176 in
572 2134 724 2176 multis
758 2134 854 2176 aliis
889 2134 1173 2176 Delesserieis
1206 2140 1395 2189 utroque
1429 2139 1632 2190 respectu

69 2206 344 2248 differentias
384 2206 538 2248 adesse
576 2206 831 2248 observanti
864 2206 1121 2262 adpareant.
1186 2205 1340 2261 Ipsum
1373 2210 1524 2247 autem
1558 2221 1633 2248 nu-

67 2277 226 2327 cleum,
274 2292 345 2319 me
392 2277 439 2318 in
488 2277 728 2332 Speciebus
777 2277 905 2319 dictis
953 2282 1274 2332 congruentem
1324 2276 1486 2319 vidisse
1530 2292 1633 2319 eum

211 2442 244 2484 ξε)
268 2444 372 2476 Inter
397 2444 607 2486 specimina
633 2443 860 2478 Californica
887 2444 962 2477 vidi
990 2444 1183 2483 nonnulla,
1217 2455 1299 2486 quae
1327 2444 1519 2478 exsiccata
1545 2455 1631 2478 cum

68 2503 199 2546 Specie
235 2503 455 2546 Nitophylli,
489 2514 510 2535 a
537 2513 596 2536 me
622 2503 693 2536 sub
720 2503 873 2536 nomine
900 2501 945 2536 N.
976 2501 1153 2546 Gattyani
1179 2503 1369 2546 descripta
1396 2503 1447 2537 ita
1474 2515 1627 2546 congru·

67 2562 170 2595 entia
208 2562 295 2603 vidi,
335 2565 376 2595 ut
414 2573 528 2595 unam
565 2562 612 2595 ab
647 2562 764 2595 altera
791 2562 853 2595 vix
882 2562 989 2595 aliter
1014 2562 1165 2595 differre
1195 2566 1356 2605 putares,
1385 2574 1499 2605 quam
1525 2564 1632 2597 rami-

67 2621 252 2654 ficatiouis
291 2632 424 2655 norma
458 2625 658 2663 costarum,
694 2632 777 2663 quz‘e
804 2621 842 2654 in
871 2620 918 2654 D.
950 2620 1175 2665 Quereifolz'a
1201 2622 1375 2664 opposita
1401 2626 1629 2664 generantur

67 2683 105 2713 et
142 2680 329 2723 pinnatim
367 2681 566 2724 disposita:
607 2681 645 2714 in
683 2679 729 2714 N.
759 2679 944 2725 Gaffycmo
983 2692 1070 2714 vero
1109 2681 1255 2715 caulem
1293 2682 1437 2715 diceres
1464 2693 1627 2726 superne

68 2739 170 2772 abire
195 2739 235 2772 in
262 2750 396 2773 nervos
423 2740 515 2773 3—15
543 2740 661 2782 magis
690 2740 1012 2780 longitudinaliter
1038 2740 1211 2773 frondem
1232 2745 1510 2784 percurrentes;
1536 2743 1631 2776 soris

66 2798 106 2831 in
143 2802 300 2841 utraque
339 2799 466 2842 planta
506 2799 687 2842 plurimis,
727 2799 986 2833 intracostales
1022 2800 1204 2843 regiones,
1237 2802 1315 2835 fere
1342 2801 1548 2847 labyrinthi
1576 2802 1622 2837 ad

63 2857 185 2892 instar
207 2858 433 2902 subdivisas,
460 2859 746 2904 occupantibus.
759 2891 776 2905 ὀ
