1875 3116
182 92 262 132 100
759 86 1150 128 NEUROGLOSSEAE.

178 208 444 264 positionem
478 205 738 247 cellularum
771 205 818 245 in
851 203 1149 259 Nitophylleis
1177 208 1219 246 et
1240 204 1525 248 Delesserieis
1547 206 1739 261 propriis

178 280 309 321 aliam
359 291 453 319 esse
498 275 630 317 hodie
669 275 929 325 assumenti,
964 279 1118 330 utpote
1150 275 1331 317 cellulas
1364 276 1411 318 in
1443 276 1740 333 Nitopliylleis

178 349 369 405 propriis
418 348 498 389 rite
547 347 862 402 superpositas,
912 346 958 388 in
999 346 1286 389 Delesserieis
1320 362 1424 390 vero
1457 348 1557 403 plus
1590 349 1741 390 minus

181 420 410 463 evidenter
456 419 727 460 alternantes
774 418 1001 467 statuenti,
1051 418 1159 459 mihi
1196 432 1277 460 nec
1309 419 1741 474 praetermittendum

178 491 439 547 adparuisse
471 489 526 531 de
559 493 782 531 structura
813 489 1040 545 peculiari,
1090 503 1226 544 quam
1258 490 1305 531 in
1339 490 1638 546 Neuroglosso
1671 491 1740 532 ob-

181 576 356 605 servare
390 560 571 612 credidi,
606 575 754 603 meam
789 560 1177 616 qualemcuncque
1210 562 1367 604 afferre
1400 562 1673 617 opinionem.

322 633 374 674 In
423 632 724 688 Neuroglosso
767 631 1027 674 cellularum
1060 632 1195 674 series
1227 633 1427 688 juniores
1460 633 1593 675 modo
1626 633 1744 675 Nito-

182 704 438 761 phyllorum
471 703 674 759 generari
707 704 1025 759 superpositas,
1059 703 1105 746 id
1138 704 1336 759 quidem,
1371 719 1441 747 me
1472 704 1636 760 judice,
1670 705 1744 746 du-

182 776 310 818 bitari
359 776 536 830 nequit;
587 774 696 817 dum
744 789 850 818 vero
893 774 939 816 in
984 775 1283 830 Nitophylleis
1316 776 1450 818 series
1483 776 1743 818 cellularum

180 848 419 889 exteriores
468 860 548 888 sua
595 846 876 902 longitudine
924 860 1101 901 aequare
1148 846 1359 890 videntur
1404 847 1649 899 interiores,
1698 848 1745 889 in

184 918 484 974 Neuroglosso
531 922 686 960 contra
732 918 866 960 series
914 917 1173 960 cellularum
1220 919 1459 961 exteriores
1492 924 1610 961 certo
1643 933 1746 974 quo-

184 991 288 1032 dam
336 989 492 1032 ordine
539 989 633 1031 fieri
682 989 983 1045 (transversali
1032 989 1288 1045 directione)
1330 990 1377 1031 in
1414 991 1616 1045 geminas
1650 990 1747 1032 sub-

183 1061 362 1112 divisas,
412 1067 455 1103 et
501 1061 704 1116 utrisque
751 1062 927 1116 generis
975 1060 1144 1103 cellulis
1182 1076 1272 1103 non
1306 1062 1401 1117 pari
1436 1076 1569 1117 passu
1604 1076 1747 1103 excre-

188 1132 414 1175 scentibus
447 1146 592 1175 novus
625 1146 780 1175 revera
811 1133 1010 1174 nascitur
1043 1132 1163 1183 ordo,
1199 1147 1288 1187 quo
1320 1134 1505 1175 ulterius
1534 1133 1748 1189 perducto

184 1218 353 1246 nexum
400 1203 516 1246 inter
563 1208 702 1246 strata
744 1203 917 1246 diversa
959 1203 1053 1245 tolli
1091 1204 1353 1260 suspicares,
1387 1205 1474 1246 nisi
1506 1204 1592 1246 alio
1625 1204 1747 1260 adju—

182 1280 317 1319 vante
367 1275 622 1318 charactere
670 1275 1007 1317 continerentur
1053 1279 1202 1327 strata,
1251 1275 1445 1318 invicem
1493 1276 1578 1318 hoc
1614 1275 1748 1318 modo

184 1347 387 1390 discreta.
451 1346 514 1390 Ut
545 1346 760 1389 nimirum
796 1347 1063 1402 elongantur
1100 1346 1269 1389 cellulae
1302 1346 1473 1389 frondis
1505 1348 1675 1389 intimae
1708 1351 1751 1389 et

184 1419 383 1475 primum
415 1418 635 1469 formatae,
670 1418 851 1460 cellulas
884 1418 1123 1461 exteriores
1157 1418 1216 1474 (in
1249 1419 1453 1474 geminas
1483 1418 1749 1474 subdivisas)

181 1490 309 1545 quasi
342 1489 576 1532 distractas
609 1489 715 1541 fieri,
751 1494 950 1532 attamen
982 1490 1075 1539 has,
1111 1489 1313 1545 apicibus
1346 1490 1632 1541 cohaerentes,
1657 1504 1748 1546 per-

181 1575 362 1603 manere
395 1562 523 1616 quasi
557 1561 917 1603 anastomosibus
948 1561 1127 1617 junctas
1150 1561 1326 1603 facilius
1349 1562 1497 1603 forsan
1523 1562 1747 1617 quispiam

183 1632 440 1683 crediderit;
491 1638 534 1675 et
577 1633 662 1675 hoc
698 1633 833 1675 modo
865 1632 921 1675 ab
955 1637 1084 1675 aetate
1117 1638 1160 1675 et
1191 1633 1424 1676 divisionis
1457 1633 1589 1675 modo
1622 1632 1749 1675 cellu-

181 1705 326 1754 larum
372 1704 503 1760 quasi
544 1719 685 1747 novos
723 1704 902 1746 ordines
934 1705 982 1746 in
1014 1704 1305 1761 dispositione
1339 1704 1599 1747 cellularum
1632 1704 1748 1755 oriri,

184 1775 391 1817 lubenter
437 1775 736 1831 conjicerem.'
785 1776 924 1817 Prout
970 1776 1115 1831 magis
1162 1776 1369 1818 minusve
1416 1775 1617 1831 procedit
1656 1776 1752 1817 haec

187 1847 421 1889 ‹livisionis
453 1861 613 1888 norma
645 1847 920 1897 cellularum,
959 1860 1205 1901 earumque
1237 1846 1506 1889 cohaerentia
1537 1847 1751 1902 adJ'uvan-

185 1918 304 1960 tibus
341 1918 519 1973 angulis
552 1918 787 1973 protractis
820 1921 1065 1959 structuras
1102 1917 1331 1959 frondium
1366 1918 1580 1973 adparere
1612 1918 1751 1962 diver-

182 2003 266 2039 sas,
302 1989 479 2031 facilius
513 1989 625 2030 mihi
658 1989 968 2045 persuadeam.
1033 1989 1148 2030 Sunt
1179 1989 1336 2030 :formae
1369 1990 1674 2045 (Platyclim'a)
1705 1989 1751 2030 in

184 2060 351 2114 quibus
399 2060 495 2102 haec
543 2059 775 2115 dispositio
824 2060 897 2103 vix
936 2060 1023 2101 nisi
1056 2060 1202 2115 quoad
1235 2052 1416 2102 cellulas
1450 2060 1623 2102 frondis
1655 2075 1751 2102 cen-

182 2132 315 2174 trales
349 2136 392 2173 et
423 2132 609 2173 intimas
642 2131 858 2187 perducta
889 2131 1120 2187 adpareat;
1161 2146 1299 2187 quare
1331 2136 1601 2174 structuram
1635 2132 1751 2173 fron-

182 2203 249 2244 dis
304 2202 577 2259 Nitophyllis
624 2203 874 2258 proximam
925 2202 969 2243 in
1018 2202 1088 2243 his
1136 2202 1290 2244 adesse
1332 2216 1485 2245 revera
1517 2202 1751 2256 hucusque

189 2280 509 2317 assumserunt.
564 2275 615 2316 ln
649 2276 928 2329 Newoylosso
960 2279 1108 2316 autem
1144 2275 1237 2316 fere
1270 2274 1451 2316 cellulas
1478 2273 1612 2315 totius
1634 2273 1751 2314 fron-

188 2346 266 2396 dis,
318 2347 363 2388 in
418 2347 566 2388 stratis
614 2346 802 2389 diversis
834 2332 1116 2401 longitudine
1146 2345 1391 2400 inaequales
1425 2345 1613 2395 diceres3
1647 2344 1752 2385 hinc

187 2418 368 2459 cellulas
415 2418 656 2459 exteriores
695 2431 796 2459 cuin
831 2416 1117 2459 interioribus
1151 2416 1342 2471 (angulis
1374 2415 1622 2471 protractis)
1655 2429 1751 2456 con-

184 2489 362 2543 junctas
396 2488 760 2531 anastomosibus
794 2487 1145 2530 evidentioribus
1178 2487 1412 2530 observare
1444 2487 1584 2528 liceat.
1640 2486 1755 2527 Sunt

192 2574 346 2602 revera
378 2560 598 2614 ejusmodi
634 2564 952 2610 anastomoseS,
985 2559 1101 2601 inter
1123 2559 1302 2600 cellulas
1325 2558 1601 2601 diversarum
1627 2556 1751 2598 serie-

187 2644 283 2670 runn
336 2636 609 2679 transsectsc,
651 2645 763 2686 quas
796 2631 912 2672 inter
944 2629 1124 2671 cellulas
1156 2630 1349 2684 majores
1382 2629 1441 2683 (in
1475 2629 1573 2681 Fe'y.
1610 2628 1650 2683 6)
1684 2627 1751 2669 de-

192 2702 337 2754 pinxit
360 2701 579 2756 l<iitzing;
605 2707 649 2743 et
670 2706 774 2743 sunt
797 2701 947 2756 anguli
972 2700 1180 2755 protracti
1206 2700 1465 2741 cellularum
1490 2699 1751 2740 interiorum

191 2772 601 2825 loiigitmlinaliuni,
637 2786 749 2826 quas
781 2773 827 2812 in
861 2772 987 2812 icone
1020 2771 1141 2824 (Fiy.
1165 2772 1213 2824 5)
1246 2769 1466 2819 exhibuit;
1501 2773 1606 2810 sunt
1634 2769 1752 2810 deni-

190 2856 287 2894 qne,
337 2848 384 2882 ut
422 2843 596 2884 facilius
628 2843 738 2884 inihi
772 2843 1080 2898 persuadeam,
1116 2841 1359 2883 consimilis
1391 2844 1624 2882 structurae
1656 2854 1751 2883 evo-
