1875 3116
639 665 1099 718 Praemonenda.

230 805 289 840 De
307 804 581 851 dispositione
599 807 639 840 et
657 805 969 840 characteribus
987 805 1340 840 Delesseriearum
1357 806 1505 841 iterum
1524 805 1648 840 hodie

85 870 284 906 scribenti
304 870 406 905 mihi
425 870 709 905 confitendum
735 870 929 916 adparuit
948 891 991 895 —-
1011 870 1123 915 quod
1143 881 1311 916 quoque
1331 870 1521 916 pluribus
1543 870 1644 905 locis

88 935 218 981 probe
256 934 472 971 confessus
510 946 604 971 sum
631 956 675 960 —
703 946 767 971 me
807 936 957 982 ipsum,
996 935 1107 971 velut
1146 946 1290 970 omnes
1328 938 1428 981 puto
1465 935 1569 970 alios
1597 935 1647 970 de

90 1000 355 1036 Delesserieis
381 1000 619 1046 scriptores,
646 1001 865 1046 deceptum
894 1000 1020 1036 fuisse
1047 1000 1329 1046 congruentiis
1350 1000 1645 1044 habitualibus,

87 1065 240 1111 quibus
271 1065 449 1101 invicem
485 1066 707 1101 convenire
738 1066 931 1101 videntur
958 1066 1123 1112 Species
1153 1065 1505 1101 Delesseriearum
1534 1066 1647 1100 haud

88 1141 243 1176 paucae,
280 1131 320 1165 in
356 1131 509 1176 quibus
545 1134 584 1167 et
616 1131 750 1177 ipsam
778 1134 1031 1166 structuram
1061 1130 1220 1166 frondis
1248 1134 1286 1166 et
1314 1130 1646 1166 fructificationis

87 1195 248 1231 indoles
287 1196 472 1232 diversas
511 1196 708 1231 obvenire
748 1207 881 1242 posse,
920 1197 1087 1232 easdem
1128 1196 1363 1231 accuratius
1395 1196 1647 1231 examinanti

87 1260 295 1306 adpareat.
349 1261 398 1296 Et
434 1261 558 1307 igitur
594 1262 696 1297 mihi
729 1262 819 1308 ipsi,
847 1265 885 1297 et
912 1262 1003 1297 aliis
1032 1262 1199 1308 vestigia
1228 1261 1330 1296 falsa
1360 1261 1644 1307 prementibus

87 1326 128 1360 in
155 1326 266 1361 curis
293 1337 383 1362 esse
410 1329 651 1373 opporteret
679 1330 721 1362 ut
748 1338 841 1373 quae
862 1328 902 1362 in
922 1327 1039 1362 devia
1061 1327 1167 1362 ferre
1187 1327 1427 1362 viderentur
1446 1326 1496 1361 de
1515 1329 1645 1361 strue-

87 1393 180 1426 tura
207 1391 377 1437 propria
405 1394 444 1427 et
461 1392 512 1427 de
531 1391 803 1427 affinitatibus
823 1393 1063 1438 Specierum
1079 1392 1236 1437 judicia
1263 1391 1377 1435 falsa,
1397 1402 1443 1426 ea
1464 1391 1647 1426 meimet-

88 1456 219 1502 ipsius
245 1467 412 1502 quoque
439 1468 539 1492 eura
566 1460 605 1492 et
631 1468 757 1503 opere
784 1457 1039 1492 tollerentur.
1082 1458 1126 1492 In
1155 1456 1350 1492 Mantissa
1379 1457 1502 1502 igitur
1522 1456 1647 1491 hodie

88 1521 182 1556 data
210 1522 385 1557 seorsim
413 1521 463 1557 de
491 1522 555 1557 his
583 1522 730 1557 afferre
757 1522 881 1565 volui,
909 1533 1002 1568 quae
1031 1522 1081 1557 ad
1109 1522 1426 1568 dispositionem
1452 1524 1650 1566 systema-

88 1587 224 1631 ticam,
252 1589 411 1622 naturae
440 1587 567 1633 magis
595 1590 918 1622 consentaneam
946 1587 1136 1622 conferre
1165 1590 1365 1633 putarem.

231 1653 331 1687 Mihi
358 1652 527 1698 quidem
556 1653 651 1687 vitia
680 1653 733 1688 ita
761 1653 984 1687 commissa
1015 1653 1270 1698 percipienti,
1299 1663 1381 1687 non
1411 1652 1525 1697 potui
1546 1652 1646 1697 quin

88 1718 129 1752 in
170 1718 414 1752 memoriam
455 1718 687 1753 revenirent
721 1718 846 1753 verba
882 1718 950 1753 illa
979 1717 1128 1752 Alberli
1156 1729 1186 1752 1).
1216 1717 1366 1759 ΙΙ(11101·,
1397 1717 1549 1762 quibus
1579 1717 1645 1751 ille

87 1785 126 1818 et
164 1783 363 1828 temporis
403 1783 600 1829 praeteriti
641 1783 908 1818 fidelissimus
946 1783 1149 1829 interpres
1177 1786 1216 1818 et
1244 1783 1370 1817 futuri
1399 1792 1530 1828 augur
1561 1794 1647 1827 per—

88 1848 402 1894 spicatissimuS,
449 1859 577 1883 aeram
622 1860 771 1883 novam
818 1849 1073 1884 Linneanam
1117 1848 1320 1884 salutavit.
1383 1850 1648 1893 Quamquam

88 1913 203 1948 vario
242 1916 431 1959 respectu
471 1914 735 1949 adversarius
769 1914 939 1958 Linnaei,
967 1917 1103 1949 tamen
1132 1914 1348 1948 consessus
1376 1916 1451 1947 est:
1487 1913 1650 1958 *Neque

88 1977 343 2013 dissimulari
383 1981 517 2024 potest
557 1979 686 2014 multo
726 1980 961 2014 accuratius
1000 1990 1125 2024 quam
1168 1980 1282 2025 prius
1322 1978 1482 2013 solebat
1522 1977 1573 2012 ab
1601 1988 1649 2012 eo

88 2043 271 2089 singulas
299 2043 450 2089 plantae
479 2047 616 2090 partes
643 2044 834 2079 definitas
861 2055 962 2087 csse,
992 2044 1122 2080 multo
1152 2044 1280 2089 magis
1306 2046 1498 2078 naturam
1518 2043 1650 2088 expri-

90 2119 212 2152 mere,
250 2119 343 2153 quae
383 2119 493 2144 nunc
531 2109 695 2152 dantur,
728 2109 1041 2155 descriptiones,
1069 2110 1142 2145 etsi
1172 2120 1322 2144 novam
1353 2108 1435 2143 sere
1464 2108 1647 2153 linguam

90 2172 140 2207 ad
177 2183 267 2207 eam
305 2184 391 2208 rem
427 2175 697 2219 excogitatam
726 2174 852 2209 fuisse
881 2174 1094 2210 fatendum
1122 2177 1216 2209 est».
1270 2173 1389 2216 Quod
1417 2172 1527 2217 apud
1561 2172 1651 2206 Lin—

91 2248 214 2272 neum
253 2238 526 2281 antecelleret,
565 2239 606 2274 id
645 2239 814 2284 quidem
856 2251 929 2274 nec
968 2251 1015 2274 ex
1054 2239 1355 2283 terminologia,
1395 2248 1521 2282 quam
1567 2236 1649 2271 t'erc

90 2302 345 2347 superfluam
377 2303 580 2348 judicavit
621 2304 772 2347 IIaller,
813 2315 888 2338 nec
915 2305 954 2338 111
983 2306 1205 2348 systemate
1233 2302 1401 2345 5051111117
1430 2302 1543 2346 quod
1574 2312 1647 2335 nec

90 2367 375 2412 adoptandum
403 2368 721 2411 commendavit,
750 2379 824 2403 nec
851 2369 891 2403 in
922 2368 1246 2409 nomenclatura,
1274 2378 1399 2412 (11111111
1423 2368 1648 2401 sectatores

92 2432 291 2467 Linneani
332 2435 474 2477 postea
514 2433 741 2478 plurimum
781 2434 1040 2468 aestimarunt
1068 2453 1110 2457 —
1138 2433 1210 2467 sed
1249 2432 1361 2477 quod
1398 2431 1534 2475 negari
1568 2442 1649 2465 non

93 2508 213 2542 posse
253 2497 350 2532 dixit
391 2497 674 2542 descriptiones
712 2497 784 2532 sub
825 2509 927 2532 novo
966 2497 1106 2532 ordine
1144 2497 1260 2531 dulas
1288 2496 1652 2530 11‹1lur‹111111iclius

91 2562 324 2607 exprimere.
377 2563 496 2605 Quod
537 2563 601 2597 1115
634 2563 719 2597 suis
748 2563 884 2597 verbis
911 2562 996 2597 Alb.
1026 2574 1058 2596 v.
1091 2561 1231 2597 IIaller
1259 2561 1441 2596 indicare
1471 2560 1651 2595 voluisse

92 2627 392 2673 descriptiones
419 2638 441 2662 a
471 2627 626 2663 LInneo
655 2627 771 2662 datas
801 2627 1063 2673 potissimum
1083 2629 1270 2672 spectare
1290 2637 1359 2661 eas
1381 2628 1517 2671 partes
1540 2625 1654 2670 plan-

91 2695 240 2734 tarum,
279 2703 382 2738 quas
420 2693 589 2737 majoris
619 2692 814 2728 momenti
845 2692 1094 2731 viderentur,
1123 2692 1162 2726 id
1191 2691 1340 2736 cuique
1371 2693 1509 2736 patere
1541 2693 1656 2736 puta-

93 2767 180 2792 rem
207 2757 277 2803 qui
305 2757 610 2804 comparaverit
636 2758 910 2801 charactereS,
946 2757 1098 2803 quibus
1127 2757 1283 2791 (ienera
1315 2755 1554 2791 Plantarum
1583 2755 1650 2790 de-
