1875 3116
204 112 281 150 1ἴ)()
786 109 1182 151 BOTRYOCARPEAE.
1505 112 1760 154 Clmuve'm'a.

195 227 249 268 ad
285 241 516 268 excessum
550 227 816 281 perductum
848 232 894 268 at
925 227 971 268 in
1004 227 1100 269 aliis
1134 228 1369 281 (Holmesz'a
1392 234 1433 270 et
1461 231 1760 284 Hetpophssllo)

195 298 341 339 adhuc
375 297 547 339 facilius
581 298 991 353 recognoscendum
1025 300 1202 354 putavi;
1238 299 1419 342 cellulas
1452 301 1665 343 nimirum
1702 303 1763 343 in-

196 370 325 410 timas
359 368 542 416 frondis,
578 374 767 411 stratum
801 370 928 425 quasi
962 371 1194 425 proprium
1229 372 1474 413 formantes
1508 372 1614 422 vidi,
1651 378 1763 415 exte-

194 439 384 481 rioribus
417 441 655 495 conspicue
691 441 894 495 majores,
940 442 1082 497 magis
1116 442 1343 497 oblongas,
1380 447 1477 484 tum
1511 449 1761 486 extrorsum

194 510 361 553 cellulis
412 511 659 554 minoribus
710 513 850 567 magis
894 513 1143 555 rotundatis
1177 513 1386 563 obtectas,
1421 520 1519 556 tum
1552 515 1600 556 in
1634 515 1762 557 inter-

195 582 321 624 vallis
354 582 484 636 (inter
516 583 697 625 cellulas
732 584 922 639 majores
955 584 1171 639 oblongas
1205 585 1564 640 obvenientibus)
1603 587 1763 641 majori

193 654 320 708 copia
365 654 653 696 circumcirca
695 654 921 710 dispositis
956 661 998 697 et
1032 656 1100 697 his
1134 656 1319 698 demum
1352 657 1398 698 in
1431 661 1618 699 stratum
1656 659 1763 713 peri—

193 725 426 780 pliericum
467 725 749 768 abeuntibus.
816 726 937 768 Hinc
970 727 1016 768 in
1050 728 1105 769 D.
1141 728 1358 783 60111ϊοῖιά
1390 732 1551 783 typum
1589 729 1763 785 Botrys)-

192 811 336 851 carpae
370 811 460 837 non
494 811 608 852 {egre
633 798 1042 852 recognoscendum
1069 803 1285 854 putarem.
1339 799 1469 841 Hanc
1493 805 1760 842 structuram

192 868 237 908 in
286 868 411 909 icone
462 869 597 910 Ham).
635 869 763 922 Phyc.
800 874 929 911 austr.
967 872 1046 912 tab.
1088 870 1160 912 GL
1209 885 1389 925 quoque
1426 871 1509 913 rite
1541 871 1762 913 redditam

192 939 364 993 putavi.

334 1010 473 1052 Aliter
503 1010 702 1065 judicavi
737 1012 791 1054 de
824 1018 1058 1061 structura,
1088 1028 1224 1068 quam
1254 1014 1507 1056 Oliaamffnioe
1533 1015 1763 1057 imbricatoe

190 1082 236 1122 in
271 1082 398 1135 Plcgsc.
435 1088 564 1124 (lustr.
603 1085 684 1125 tal).
725 1083 888 1126 CCXL
926 1084 1081 1126 tribuit
1116 1084 1310 1138 Harvev.
1377 1085 1485 1127 Mihi
1521 1091 1638 1127 certe
1671 1101 1761 1127 non

191 1154 428 1208 contigisse
479 1154 671 1196 dicerem
720 1155 910 1197 eandem
950 1160 1219 1198 structuram
1260 1157 1304 1197 in
1338 1157 1497 1198 fronde
1531 1158 1667 1212 hujus
1701 1172 1760 1199 re—

190 1239 467 1279 cognoscere.
534 1225 568 1266 F
571 1231 669 1267 acta
702 1228 987 1269 transversali
1024 1228 1158 1282 hujus
1192 1228 1362 1269 frondis
1397 1229 1602 1278 sectione,
1638 1228 1761 1270 nulla

189 1295 355 1337 indicia
388 1296 479 1338 vidi
513 1296 774 1339 cellularum
810 1299 1049 1346 minorum,
1087 1313 1197 1353 ‹filu-as
1232 1304 1280 1341 ut
1313 1304 1502 1341 stratum
1533 1300 1761 1354 quoddam

190 1367 422 1421 proprium
455 1368 779 1410 intercellulare
814 1370 960 1424 pinxit
993 1370 1189 1425 Harvey.
1241 1370 1432 1413 Cellulas
1466 1385 1622 1413 omnes
1656 1372 1759 1413 inte-

143 1455 145 1457 *
191 1439 324 1481 riores
374 1441 647 1495 majusculas
696 1440 904 1491 dicerem,
956 1446 998 1483 et
1038 1456 1198 1496 parum
1236 1442 1430 1484 invicem
1464 1442 1680 1492 diversas;
1717 1449 1761 1484 at

191 1511 383 1552 invicem
426 1512 524 1566 plus
569 1511 716 1553 minus
750 1513 990 1568 conspicue
1026 1514 1309 1561 alternantes,
1346 1514 1525 1555 intimas
1559 1514 1760 1569 proxime

189 1582 483 1623 exterioribus
532 1583 683 1624 forsan
733 1583 961 1639 paulisper
1009 1584 1203 1639 majores
1252 1590 1295 1626 et
1342 1599 1459 1640 saepe
1502 1585 1758 1641 angulatas3

188 1652 369 1694 cellulas
417 1657 567 1694 autem
617 1654 661 1694 in
713 1654 795 1696 hac
844 1654 991 1709 specie
1041 1655 1183 1710 magis
1222 1655 1491 1710 gelatinosas
1525 1656 1760 1699 observare

188 1723 369 1772 credidi,
420 1730 462 1766 et
509 1730 767 1767 contentum
819 1727 1063 1782 parietibus
1111 1728 1321 1769 interiore
1370 1728 1503 1769 latere
1542 1729 1669 1783 quasi
1703 1728 1759 1770 ad

187 1794 475 1849 glutinatum,
530 1796 650 1851 quod
700 1797 841 1838 obiter
889 1798 1140 1853 inspicienti
1192 1798 1336 1840 ideam
1387 1799 1539 1840 forsan
1588 1800 1757 1841 reticuli

188 1867 525 1909 intercellularis
580 1868 920 1910 subministrare
975 1871 1171 1924 potuisse
1226 1871 1452 1924 quispiam
1506 1871 1756 1925 conjiceret.

190 1938 239 1978 ln
273 1943 496 1980 structura
527 1939 780 1981 anatomica
814 1940 987 1981 frondis
1022 1941 1105 1982 hoc
1140 1941 1272 1982 modo
1306 1942 1593 1997 conspicuam
1619 1942 1758 1984 diver—

187 2009 362 2050 sitatem
398 2023 467 2050 me
501 2009 760 2052 observasse
795 2011 839 2051 in
874 2010 1114 2064 Speciebus
1139 2011 1327 2061 duabus,
1353 2027 1464 2067 quas
1489 2027 1568 2054 5110
1594 2012 1757 2055 Generi

187 2080 450 2122 (mauviniae
483 2081 654 2136 typicas
688 2081 988 2124 consideravit
1022 2082 1223 2137 Harvey;
1260 2087 1302 2124 et
1334 2098 1474 2138 quum
1500 2085 1593 2139 ipse
1617 2085 1757 2139 ipsius

187 2150 373 2191 Greneris
421 2150 721 2192 characterem
771 2166 796 2192 a
844 2153 992 2207 typica
1041 2158 1264 2195 structura
1306 2154 1478 2196 frondis
1513 2155 1757 2197 deductum

189 2221 389 2267 voluerit,
426 2235 607 2276 quoque
639 2222 759 2263 illam
797 2224 993 2278 typicam
1028 2224 1222 2279 speciem
1257 2226 1443 2267 Generis
1477 2226 1756 2268 consideran-

187 2292 289 2333 dam
341 2293 507 2346 putavi,
549 2295 677 2348 cujus
711 2299 979 2335 structuram
1014 2310 1115 2336 cum
1150 2296 1403 2338 charactere
1437 2297 1540 2338 dato
1573 2312 1756 2353 congru-

187 2368 335 2404 entem
384 2363 619 2406 observare
668 2364 808 2406 liceat,
879 2366 994 2407 Hinc
1035 2367 1297 2409 Chauviniae
1344 2369 1528 2410 Generis
1563 2370 1754 2424 speciem

187 2435 381 2489 typicam
416 2436 507 2477 Del.
544 2438 802 2491 coris-'foliam
836 2438 1210 2481 considerandam
1242 2440 1456 2494 judicavi.

328 2506 590 2549 (lhauviniae
640 2508 792 2550 Genus
842 2509 901 2551 ita
949 2509 1203 2560 limitatum,
1254 2525 1335 2552 sua
1382 2516 1605 2553 structura
1652 2526 1750 2553 con-

184 2591 342 2630 gruere
385 2592 485 2619 cum
530 2579 657 2634 Typo
691 2579 764 2621 illo
799 2580 1023 2635 peculiari,
1059 2596 1191 2636 quem
1227 2583 1271 2623 in
1308 2582 1609 2637 Botryocarpa
1640 2583 1748 2637 jain-

187 2646 357 2689 ‹ludnm
393 2656 674 2703 agnoverunt
707 2651 836 2706 primi
868 2651 1130 2706 Systematis
1155 2653 1460 2695 Floridearum
1487 2653 1749 2701 conditores

190 2733 256 2757 me
297 2733 523 2761 assumere
568 2735 694 2775 posse
741 2728 957 2776 putarem.
1024 2723 1207 2766 Constat
1239 2738 1407 2779 organa
1440 2724 1669 2766 fructifera
1703 2726 1746 2765 in

188 2788 267 2827 1101·
302 2789 427 2844 'Pylio
461 2791 672 2833 obvenire
705 2793 834 2834 certis
868 2793 973 2835 locis
1008 2794 1176 2835 frondis
1207 2795 1252 2835 in
1277 2795 1528 2849 czespitulos
1552 2795 1750 2837 minutos

185 2860 443 2911 c‹›njnncta;
497 2862 603 2902 mihi
654 2863 736 2905 hoc
780 2870 979 2919 respectu
1016 2866 1311 2907 Ohauviniam
1348 2867 1639 2920 comparanti,
1676 2867 1747 2909 ad-
