1875 3116
99 80 377 135 Platyclinia.
681 80 1074 123 NEUROGLOSSEAE.
1582 81 1664 124 103

100 198 411 254 congruentiis,
446 213 547 254 quae
580 200 625 241 in
658 203 879 242 structura
912 199 1068 247 nuclei,
1104 204 1253 242 tamen
1286 214 1366 242 suo
1399 198 1532 242 modo
1568 213 1662 241 mu-

100 274 201 318 tata,
235 269 471 312 observare
518 270 696 312 credidi.
763 271 997 325 Perpensis
1046 284 1150 313 vero
1198 274 1240 313 et
1289 270 1546 325 dijudicatis
1579 271 1663 312 hoc

99 340 230 382 modo
263 340 593 382 characteribus
627 345 860 383 structurae
893 347 934 383 et
967 340 1275 391 affinitatibus,
1311 341 1526 397 quaeritur
1558 355 1662 396 quo-

99 426 184 467 que
216 410 325 467 quid
358 410 442 453 sibi
474 412 651 453 valeant
683 411 780 453 aliae
802 413 1116 467 cong1·uentiae,
1142 426 1253 468 quas
1278 413 1509 467 hucusque
1538 426 1659 454 nunc

96 482 354 538 judicarunt
375 481 540 523 indicia
562 482 791 525 affinitatis
815 483 926 538 quin
948 483 1088 525 immo
1111 483 1470 526 evidentissimae.
1526 483 1663 525 Plura

98 552 319 609 ejusmodi
351 553 556 608 exempla
587 553 719 595 hodie
752 554 913 596 referre
945 559 1122 597 coactus
1157 555 1242 596 fui:
1287 554 1397 609 quin
1430 554 1567 596 immo
1606 553 1663 596 ad

97 624 286 667 eandem
334 624 527 679 speciem
574 624 733 666 relatas
781 625 917 667 fuisse
965 626 1145 675 t‘ormas,
1196 639 1307 681 quas
1355 630 1399 667 et
1440 630 1661 667 structura

96 694 270 738 frondis
313 694 647 738 evidentissime
689 694 888 738 diversas
926 710 1019 738 esse
1052 701 1095 738 et
1128 696 1349 739 fructibus
1382 697 1445 738 ita
1476 696 1657 738 differre

97 772 146 809 ut
166 766 346 809 easdem
368 765 423 808 ad
448 766 624 808 diversa
646 766 822 809 Genera
843 765 1105 822 relegandas
1129 767 1394 822 putaverim.
1446 766 1565 809 Hinc
1591 780 1660 809 me

96 837 173 880 diu
206 837 432 880 dubitasse
465 836 658 879 dicerem
682 837 735 880 de
758 842 916 879 mutua
938 837 1155 880 affinitate
1179 838 1441 893 specierum,
1465 852 1657 893 quarum

95 910 204 952 alias
251 908 384 951 modo
432 908 796 964 Nitophyllorum
846 913 1051 952 ecostcztas
1098 909 1190 951 vidi
1231 910 1420 965 (Nitoph.
1460 909 1660 961 Orozieri,

98 981 186 1023 Nit.
221 980 476 1036 crispatam),
526 979 635 1022 alias
679 984 801 1022 costa
846 979 1041 1023 evidenti
1075 984 1116 1022 et
1147 980 1454 1023 habitualibus
1488 981 1661 1023 charac-

96 1052 262 1094 teribus
309 1051 406 1094 aliis
456 1050 751 1093 Delesseriam
797 1050 1091 1094 suadentibus
1147 1051 1320 1107 (Decess.
1371 1052 1658 1106 denticulata),

95 1137 237 1178 quum
284 1121 506 1178 ejusmodi
552 1122 718 1164 formas
760 1122 956 1164 invicem
988 1121 1317 1164 characteribus
1356 1123 1538 1178 majoris
1571 1136 1659 1164 mo-

95 1193 235 1236 menti
282 1197 578 1248 congruentes
622 1197 806 1248 stupens
854 1192 1198 1235 observaverim.
1264 1193 1348 1235 His
1381 1199 1531 1236 autem
1564 1207 1660 1235 sua-

95 1264 303 1307 dentibus
336 1264 512 1307 Genera
542 1264 676 1307 hodie
703 1264 1013 1320 Neuroglossis
1037 1264 1270 1307 referenda
1293 1264 1496 1319 sequenti
1520 1263 1651 1306 modo

98 1335 312 1391 disposita
343 1336 525 1379 vellem:

490 1438 497 1444 .
615 1436 621 1443 .
1175 1408 1473 1441 PLATchmA.

237 1437 386 1472 Genera
410 1438 543 1472 habitu
570 1436 801 1482 thophyllea
833 1463 1126 1472 .........
1176 1468 1438 1501 Rnonossms

304 1540 316 1556 ν
471 1540 484 1556 ›
569 1525 829 1571 Neuroylossea
864 1555 1119 1562 ........
1171 1527 1512 1560 NEUROGLOSSUM.

748 1615 755 1621 .
784 1615 791 1621 .
1180 1587 1523 1619 PAcnYGLossmu.

310 1629 322 1645 ›
476 1629 488 1645 ›
574 1614 858 1651 Delesserwulea
906 1641 1128 1650 .......
1161 1592 1172 1683 Ξ
1182 1645 1498 1679 HETERODOXIA·

150 1787 337 1840 GENUS
378 1788 415 1839 Ῑ.
495 1788 860 1840 PLATYCLINIA
899 1795 1026 1849 (Nou.
1067 1795 1168 1838 Gen.
1206 1794 1589 1848 Delesseriearum).

95 1908 237 1950 Frons
283 1907 418 1964 plana
464 1908 730 1957 foliiformis,
775 1908 981 1963 elongata
1024 1912 1067 1950 et
1098 1906 1198 1963 plus
1232 1908 1379 1949 minus
1413 1905 1656 1956 subdivisa,

236 1980 440 2036 pluribus
487 1979 685 2022 seriebus
733 1979 994 2022 cellularum
1041 1983 1259 2025 contexta,
1308 1978 1476 2020 intimis
1522 1978 1655 2033 paulo

236 2051 495 2106 majoribus,
544 2050 704 2093 mediis
752 2050 1042 2100 brevioribus,
1093 2050 1270 2092 extimis
1309 2049 1399 2091 suis
1439 2047 1653 2103 proximis

240 2122 377 2178 duplo
425 2122 703 2165 brevioribus
748 2122 1048 2178 quaternatiin
1083 2120 1319 2176 dispositis,
1354 2119 1562 2162 omnibus
1599 2119 1660 2161 in-

237 2194 382 2237 vicem
405 2193 589 2236 demum
610 2193 970 2236 anastomosibus
991 2193 1169 2247 junctis
1211 2191 1484 2247 Cystocmpia
1506 2190 1656 2233 frondi

238 2265 546 2316 subimmersa,
588 2264 810 2321 depressa,
853 2265 970 2307 intra
1007 2264 1305 2320 pericarpium
1337 2261 1654 2304 radiato-cellu-

237 2336 394 2384 losum,
444 2337 740 2392 carpostomio
787 2342 1005 2392 apertum,
1049 2335 1258 2377 nucleum
1295 2334 1495 2376 foventia
1527 2333 1659 2389 adpa-

239 2413 387 2449 renter
419 2407 680 2463 simplicem,
714 2422 869 2451 revera
891 2405 1238 2450 coalescentibus
1261 2404 1510 2447 numerosis
1533 2404 1659 2446 fasci-

238 2477 361 2528 culis,
395 2492 421 2520 a
453 2477 621 2520 cellulis
669 2478 896 2521 basalibus
937 2476 1171 2533 pericarpii
1215 2475 1472 2517 immediate
1505 2489 1655 2530 prove-

238 2548 465 2591 nientibus
487 2549 805 2605 compositum;
832 2549 916 2590 filis
934 2547 1250 2590 fasciculorum
1269 2546 1457 2601 singulis
1475 2545 1659 2588 clavatis

241 2618 629 2668 moniliformibus,
662 2621 709 2662 in
735 2619 931 2662 articulis
955 2619 1045 2661 suis
1069 2617 1288 2673 supremis
1310 2615 1554 2671 gemmidia
1575 2617 1658 2659 sin·

236 2690 353 2745 gula,
388 2690 843 2748 clavato-pyriformia
875 2688 1214 2746 generantibus;
1249 2688 1359 2730 soris
1381 2687 1657 2744 sphaerospo-

238 2774 388 2803 rarum
406 2762 578 2805 ambitu
595 2762 888 2811 subdefiniffis,
906 2766 1072 2816 puncta
1090 2760 1264 2801 minuta
1281 2772 1359 2815 per
1376 2764 1523 2815 partes
1541 2760 1653 2802 fron-

236 2831 303 2873 dis
335 2833 572 2876 exteriores
605 2833 700 2876 sine
723 2832 877 2875 ordine
900 2831 1139 2886 conspicuo
1163 2844 1317 2886 sparsa
1339 2829 1646 2874 referentibus.
