1875 3116
72 82 348 125 Hemineura.
694 82 1011 125 DELESSERIAE.
1551 84 1632 126 179

73 201 346 243 contrarium
393 201 486 242 fere
534 200 727 243 dicerem
769 200 823 242 de
865 200 1127 249 Generibus,
1163 215 1264 256 quae
1296 201 1513 244 limitibus
1545 216 1634 244 arc-

72 272 259 314 tioribus
307 271 746 314 circumscribuntur.
811 272 857 313 Si
904 272 951 313 in
999 273 1274 326 Hypoylossis
1317 277 1360 314 et
1390 274 1636 328 Apoylossz's

73 342 299 385 frondium
349 344 550 399 caespites
597 348 868 398 generantur
912 343 1083 398 globosi
1124 344 1445 386 ramilicatione
1477 345 1634 387 iterata

73 413 470 470 prolificationibus
492 428 518 456 a
540 420 662 456 costa
693 414 906 462 oriundis,
938 420 981 456 ct
1003 415 1097 457 haec
1119 416 1454 458 ramificationis
1476 430 1635 458 norma

73 483 123 525 fit
154 484 223 526 his
256 485 505 529 Generibus
539 486 909 536 characteristica;
962 486 1016 528 de
1049 486 1340 537 Hemineura,
1375 492 1539 537 contra,
1575 487 1635 528 di-

72 568 214 597 cerem
262 557 628 598 ramificationem
676 557 779 599 oriri
814 557 1193 613 ‹lecompositione
1226 558 1326 613 plus
1360 559 1509 600 minus
1541 572 1633 613 per-

73 625 207 667 ducta
238 627 412 669 frondis
445 628 612 669 alterne
646 627 935 682 pinnatitidae.
986 628 1339 670 Ramiticationis
1370 629 1513 684 ipsam
1538 643 1634 671 nor-

74 711 194 738 mam
242 698 303 739 ita
349 712 529 753 quoque
573 699 848 740 characteres
891 699 1044 740 sistere
1077 699 1329 750 Genericos,
1365 700 1508 742 dicere
1540 702 1634 742 fere

68 766 209 810 liceat.

214 839 462 895 Hucusque
510 840 800 882 Hemineurae
847 841 1027 882 unicam
1076 846 1251 883 tantuin
1296 843 1489 898 speciem
1522 843 1634 884 mihi

71 912 295 966 cognitam
319 911 529 953 habuisse
553 912 758 953 lubenter
781 911 986 954 dicerem.
1023 912 1074 954 In
1098 913 1229 955 Flora
1250 914 1286 954 N
1294 928 1389 956 ovae
1413 914 1634 956 Zelandiae

73 981 257 1038 Harvey
306 982 491 1024 alteram
541 982 744 1038 Speciem
793 983 876 1025 sub
924 984 1105 1025 nomine
1154 985 1426 1026 Hammeum
1457 990 1636 1027 cruenta>

73 1053 318 1109 descripsit,
368 1068 505 1108 quam
554 1053 772 1095 suadente
826 1058 947 1096 costa
994 1069 1186 1110 superne
1234 1060 1538 1110 evanescente,
1586 1061 1636 1097 ut

74 1129 293 1180 putarem,
328 1139 431 1166 cum
456 1125 609 1180 Specie
634 1126 779 1180 typica
805 1127 1142 1181 congenericam
1168 1127 1354 1182 putavit.
1404 1127 1475 1168 Me
1498 1126 1635 1181 hujus

75 1196 245 1251 Speciei
279 1196 452 1237 nullum
489 1197 717 1252 specimen
750 1197 1061 1239 authenticum
1083 1198 1247 1240 vidisse
1268 1198 1496 1249 confiteor;
1532 1198 1635 1239 hinc

73 1267 127 1310 de
159 1268 242 1310 hac
275 1268 430 1323 Specie
464 1282 631 1310 vanum
656 1268 882 1310 videretur
905 1283 1036 1310 omne
1060 1284 1211 1310 meum
1234 1269 1466 1324 judicium.
1516 1268 1634 1310 Atta-

72 1354 175 1381 men
225 1340 389 1381 dixisse
438 1339 581 1394 placet
620 1354 691 1381 me
723 1339 839 1381 inter
871 1339 1047 1394 plantas
1080 1340 1218 1382 Novae
1251 1340 1473 1381 Zelandiae
1506 1339 1636 1395 plura

75 1410 284 1452 habuisse
317 1412 568 1465 fragmenta
601 1410 786 1465 Speciei,
820 1425 920 1465 quae
953 1411 1009 1452 ad
1043 1411 1176 1452 aliam
1211 1411 1412 1466 Speciem
1435 1411 1516 1452 rite
1540 1424 1635 1466 cog-

30 1484 33 1486 ’
73 1482 212 1524 nitam
261 1483 426 1524 referre
467 1481 682 1524 dubitavi.
745 1481 855 1523 Haec
896 1487 989 1523 tum
1025 1481 1168 1523 colore
1202 1482 1375 1524 frondis
1407 1482 1632 1537 peculiari,

73 1568 208 1608 quem
241 1553 423 1595 nomine
457 1553 560 1594 dato
593 1552 809 1595 indicavit
841 1553 1037 1607 Harvey,
1072 1558 1167 1594 tum
1201 1557 1321 1595 costa
1344 1558 1635 1595 evanescente

73 1639 314 1680 congruere
363 1639 465 1666 cum
517 1625 671 1679 Specie
719 1624 993 1680 Harveyana
1040 1624 1170 1666 hodie
1212 1625 1439 1666 monuisse
1477 1624 1632 1680 placet.

71 1696 181 1737 Mihi
229 1709 333 1738 vero
381 1696 566 1751 contigit
612 1696 750 1749 hujus
793 1695 956 1737 habere
1002 1696 1243 1737 sectionem
1277 1696 1633 1746 transversalen'i,

70 1767 117 1808 in
150 1781 240 1822 qua
272 1772 340 1809 sat
371 1767 609 1822 conspicue
643 1772 912 1808 structuram
946 1767 1092 1822 potius
1124 1766 1370 1822 Nitophylli
1396 1766 1634 1822 cujusdam

77 1838 334 1894 dignoscere
382 1839 555 1893 putavi:
606 1838 786 1879 cellulas
834 1839 1050 1879 nimirum
1092 1839 1137 1879 in
1177 1837 1329 1880 costali
1361 1838 1540 1893 regione
1572 1838 1633 1879 in-

78 1914 273 1951 crassata
305 1915 372 1952 sat
404 1910 643 1965 conspicue
676 1909 978 1965 su13e1·lj›osit21s
1012 1909 1103 1950 vidi
1137 1914 1179 1950 et
1210 1909 1364 1951 eodem
1399 1909 1532 1951 modo
1555 1909 1634 1951 cel-

70 1980 183 2022 lulas
230 1981 275 2022 in
324 1981 525 2036 partibus
578 1981 872 2022 exterioribus
917 1980 1153 2036 dispositas
1187 1980 1421 2022 observare
1454 1980 1634 2034 credidi,

73 2066 347 2107 quamquam
383 2053 437 2094 de
470 2053 554 2094 hoc
587 2052 658 2107 (ob
685 2056 848 2093 statum
875 2051 1048 2093 frondis
1072 2051 1439 2106 subdissolutum)
1462 2056 1633 2095 certum

71 2123 292 2178 judicium
325 2124 441 2166 ferre
476 2124 549 2166 vix
585 2123 820 2173 auderem;
855 2123 1035 2164 cellulas
1069 2137 1172 2165 vero
1195 2123 1425 2164 interiores
1447 2122 1634 2177 apiculis

69 2194 161 2235 suis
203 2194 642 2236 anastomosantibus
684 2195 947 2249 conjunctas
981 2208 1074 2236 esse
1108 2208 1209 2235 cum
1244 2193 1536 2235 exterioribus
1568 2198 1636 2235 sat

77 2265 368 2320 conspicuum
404 2266 515 2306 mihi
548 2265 807 2321 adparuisse
840 2266 1062 2307 confiteor.
1129 2265 1303 2312 Quibus
1336 2264 1516 2319 quidem
1540 2278 1633 2320 per-

72 2336 224 2391 pensis
263 2341 528 2378 structuram
577 2337 737 2391 speciei
772 2351 797 2377 a
828 2350 900 2377 me
933 2335 1178 2377 observatae
1210 2336 1357 2391 potius
1390 2349 1633 2391 congruere

73 2406 265 2448 dicerem
309 2421 408 2448 cum
455 2408 626 2449 Generc
668 2421 804 2462 supra
846 2407 1065 2462 descripto
1102 2407 1386 2461 Platycle'm'ce,
1420 2407 1492 2448 cui
1522 2407 1633 2462 typi-

73 2491 171 2519 cam
202 2477 401 2532 judicavi
434 2477 568 2519 aliam
601 2477 814 2533 plantam,
849 2492 875 2518 a
907 2477 1089 2533 Harvey
1123 2477 1205 2519 sub
1238 2478 1420 2519 nomine
1452 2478 1509 2519 N.
1539 2477 1632 2520 Gro-

72 2549 178 2591 m'e‘ri
225 2548 508 2604 descriptam.
578 2549 848 2604 Fragmenta
894 2562 1011 2598 vero,
1062 2563 1161 2603 quae
1209 2548 1265 2590 ad
1313 2549 1371 2592 H.
1420 2553 1635 2591 cruentam

71 2620 224 2661 forsan
273 2620 505 2662 referenda
552 2620 734 2675 conjeci,
784 2624 889 2661 sunt
935 2633 1090 2661 revera
1131 2620 1192 2661 ita
1234 2633 1406 2669 manca,
1441 2624 1491 2661 ut
1521 2619 1634 2661 nihil

73 2691 179 2732 certi
212 2690 266 2732 de
299 2705 453 2733 earum
486 2691 705 2733 affinitate
738 2696 929 2733 statuere
961 2690 1186 2733 auderem.

220 2762 510 2804 Hemineurae
558 2762 693 2817 igitur
735 2762 921 2804 Generis
959 2761 1070 2803 duas
1102 2767 1279 2804 tantum
1312 2762 1489 2818 Species
1521 2762 1632 2803 mihi

72 2832 204 2874 hodie
236 2834 436 2889 cognitas
469 2833 673 2884 dicerem,
707 2833 943 2874 nimirum:
