1875 3116
105 81 353 123 Delesserz'a.
726 81 1041 123 Dmfflssmm.
1584 80 1663 120 159

105 198 381 254 paginalium
431 198 765 253 dispositionem
816 198 1067 240 subsimiles
1115 212 1293 253 quoque
1341 198 1506 246 adesse,
1542 197 1662 239 haud

106 270 384 324 denegarem.
451 269 541 311 Nec
574 275 723 311 tamen
759 270 837 311 has
871 270 991 310 omni
1026 270 1111 312 αῖιῗο
1143 274 1327 323 respectu
1362 284 1541 325 quoque
1565 283 1663 311 con—

104 345 311 395 gruentes
345 355 451 388 esse,
485 341 577 394 jam
612 356 663 382 ex
698 355 748 382 eo
782 342 905 395 sequi
942 346 1159 395 putarem,
1199 341 1317 396 quod
1355 342 1432 382 has
1466 340 1520 382 ad
1555 340 1663 382 alias

103 412 319 454 sectiones
353 411 538 453 Generis
571 412 673 452 olim
701 411 962 464 relegandas
986 412 1151 466 putavi,
1178 411 1284 452 dum
1312 412 1520 452 nimirum
1547 412 1663 453 notis

104 483 407 525 habitualibus
440 483 661 529 insistens,
699 483 875 537 Species
905 482 1139 537 disponere
1167 488 1351 524 conatus
1375 497 1487 524 sum.
1540 483 1663 538 Ejus—

106 555 223 596 modi
274 555 549 597 characteres
597 554 749 595 adesse
798 554 896 608 plus
945 554 1093 596 minus
1142 561 1436 609 congruentes
1485 560 1577 596 tun]
1618 554 1663 595 in

106 625 418 675 Schizoneura‚
468 630 562 666 tum
613 625 658 665 in
708 625 938 679 speciebus
987 639 1097 679 quas
1142 625 1224 666 sub
1259 626 1439 667 nomine
1473 625 1663 667 Odonto-

106 697 256 752 phorae
289 696 394 737 olim
429 696 657 750 conjunxi,
695 695 957 749 neutiquam
991 695 1271 750 denegarem.
1323 697 1399 737 Sin
1425 711 1528 738 vero
1550 697 1666 738 inter

105 767 327 822 ejusmodi
377 767 685 815 Delesserieas,
736 766 1038 807 habitualibus
1088 767 1202 808 notis
1250 772 1327 808 aut
1374 769 1484 822 quin
1527 768 1665 809 immo

105 843 338 880 structurae
385 838 714 880 characteribus
762 837 1024 885 simillimas,
1071 837 1333 893 detegantur
1373 840 1417 880 in
1450 840 1558 881 soris
1590 844 1667 881 aut

104 910 378 964 egyslocarpiz's
419 909 697 958 differentiae,
741 908 1096 950 concludendum
1134 909 1242 950 mihi
1276 910 1535 965 adparuisse
1568 924 1665 952 con-

104 981 229 1023 fiteor
277 981 498 1036 ejusmodi
547 982 714 1022 formas
764 980 1024 1034 neutiquam
1076 995 1180 1022 vera,
1227 982 1441 1023 affinitate
1489 983 1666 1037 junctas

104 1052 373 1094 considerari
423 1057 668 1108 opportere.
735 1051 792 1093 Et
824 1051 892 1092 his
926 1051 1107 1105 quidem
1143 1052 1572 1094 considerationibus
1605 1053 1665 1094 in·

104 1124 275 1174 sistens,
326 1124 602 1165 characteres
649 1123 887 1164 hodiernos
921 1123 1107 1164 Generis
1140 1123 1409 1171 Delesserize
1445 1124 1609 1179 quibus
1642 1138 1668 1165 a

106 1196 197 1236 suis
231 1195 537 1236 conformibus
572 1194 813 1249 Speciebus
847 1194 1192 1249 dignosceretur,
1228 1200 1322 1236 tum
1357 1196 1402 1236 in
1436 1196 1535 1244 situ,
1570 1200 1666 1237 tum

103 1266 148 1307 in
199 1271 423 1308 structura
471 1266 663 1320 partium
713 1266 1080 1314 fructificationis,
1129 1266 1272 1307 saltim
1314 1266 1462 1320 quoad
1496 1271 1666 1322 partem

104 1351 284 1392 quoque
318 1337 581 1392 quaerendos
615 1351 708 1378 esse
743 1341 957 1391 putarem.

246 1408 291 1449 Si
324 1410 369 1449 in
405 1408 615 1450 omnibus
653 1407 1013 1463 Nitol‘vhyllorum
1051 1408 1290 1463 Speciebus
1324 1424 1445 1451 soros
1478 1410 1667 1465 sphfero-

106 1494 337 1535 sperarum
373 1480 417 1520 in
451 1484 642 1533 utraque
676 1480 839 1534 pagina
872 1479 1042 1521 frondis
1074 1494 1251 1534 semper
1282 1481 1508 1535 oppositos
1540 1495 1668 1535 gene-

103 1551 203 1601 rari,
250 1552 348 1606 jure
395 1550 590 1605 quodam
627 1564 852 1592 assumere
886 1565 1021 1592 ausus
1054 1565 1167 1600 sum,
1202 1556 1245 1592 ct
1277 1551 1310 1592 si
1345 1551 1498 1593 eodem
1535 1551 1667 1593 modo

107 1622 346 1677 dispositos
394 1622 605 1664 obvenire
649 1636 769 1662 soros
815 1622 858 1662 in
894 1621 1097 1676 pluribus
1131 1622 1384 1677 Speciebus,
1419 1637 1530 1678 quas
1572 1623 1668 1664 aliis

106 1693 399 1735 suadentibus
433 1692 762 1734 characteribus
796 1692 850 1733 ad
891 1693 1160 1735 Delesserias
1194 1696 1357 1735 reterre
1391 1694 1512 1735 haud
1546 1693 1666 1735 dubi-

103 1769 255 1806 tarunt
288 1764 504 1819 Algologi,
542 1764 649 1805 mihi
684 1763 865 1818 quidem
900 1778 981 1805 nec
1004 1763 1300 1805 dubitandum
1327 1765 1534 1820 adparuit
1556 1766 1668 1820 ejus-

103 1836 223 1877 modi
273 1836 608 1890 dispositionem
659 1835 820 1876 offerre
868 1835 1166 1876 characterem
1215 1836 1397 1890 majoris
1431 1836 1665 1891 cujusdam

107 1907 335 1956 momenti,
386 1922 518 1962 quein
568 1907 613 1947 in
663 1906 1038 1948 I)e]esseriearum
1090 1907 1339 1948 Generibus
1379 1906 1669 1962 disponendis

107 1978 230 2020 haud
278 1978 708 2033 praetermittendum
759 1982 976 2032 putarem.
1043 1978 1329 2033 Comparanti
1380 1978 1488 2018 mihi
1538 1978 1669 2020 hodie

105 2063 240 2098 soros,
293 2050 447 2104 quales
490 2050 533 2090 in
578 2050 670 2091 Dec.
705 2050 879 2091 sinuosa
912 2050 1098 2104 ejusque
1132 2050 1347 2104 proximis
1380 2049 1670 2091 obvenientes

104 2121 211 2171 vidi,
260 2121 340 2162 hos
389 2121 515 2162 aliter
561 2121 644 2162 hoc
693 2126 895 2176 respectu
944 2121 1050 2162 sitos
1090 2127 1132 2162 et
1165 2121 1428 2162 constitutos
1462 2120 1666 2162 dicerem.

107 2192 208 2234 Sive
253 2192 467 2233 nimirum
513 2193 556 2233 in
592 2206 694 2241 una,
730 2192 822 2234 sive
855 2193 900 2233 in
935 2193 1070 2233 altera
1105 2193 1270 2247 pagina
1301 2196 1546 2246 generatos,
1581 2206 1670 2233 eos-

107 2263 206 2304 dem
243 2277 417 2318 semper
450 2263 649 2317 singulos
681 2263 786 2311 vidi,
822 2264 865 2304 in
895 2278 975 2304 sua
1002 2268 1124 2318 parte
1152 2263 1326 2318 paginae
1351 2263 1667 2317 prominentes.
1724 2265 1726 2267 ’

105 2334 161 2375 Et
208 2334 329 2375 hunc
378 2335 510 2376 situm
555 2334 637 2375 sibi
682 2335 910 2389 proprium
954 2334 1189 2388 cujusdam
1226 2334 1440 2375 momenti
1474 2333 1668 2376 conside-

106 2405 296 2446 randum
347 2420 440 2447 esse
489 2419 541 2446 ex
592 2420 641 2446 eo
687 2420 866 2460 quoque
900 2405 1163 2447 concludere
1198 2404 1371 2454 vellem,
1406 2405 1525 2460 quod
1560 2419 1669 2446 mar-

106 2476 233 2530 gines
281 2476 466 2523 alarum,
517 2490 666 2517 sorum
717 2477 962 2518 solitarium
1011 2477 1252 2530 cingentes,
1291 2477 1544 2518 incurvabis
1578 2476 1668 2518 vidi

104 2573 160 2577 -—
196 2548 322 2602 quasi
370 2548 574 2603 spatham
616 2547 855 2603 (spadicem
895 2547 1157 2599 ambientes)
1191 2547 1377 2588 aliarum
1415 2548 1668 2602 plautinum

100 2644 155 2648 -
188 2619 405 2660 sistentes.

250 2690 441 2745 Quoque
489 2690 533 2731 in
582 2691 844 2731 memoriam
896 2690 1118 2731 revocanti
1172 2690 1278 2730 mihi
1330 2704 1463 2734 soros,
1498 2690 1541 2732 in
1578 2704 1670 2745 per-

108 2760 273 2810 multis,
308 2775 363 2802 ne
397 2745 539 2802 dicam
576 2762 620 2802 in
657 2762 784 2815 longe
820 2761 1021 2815 plurimis
1060 2761 1355 2815 Nitophylleis
1389 2776 1459 2803 me
1493 2761 1668 2811 vidisse,

105 2832 162 2872 ita
214 2833 438 2886 propriam
484 2838 525 2874 et
564 2832 643 2873 sibi
680 2832 1078 2873 chalacteristiwm
1114 2832 1272 2873 offerre
1306 2837 1588 2883 structuram,
1623 2838 1672 2874 ut
