1875 3116
123 88 378 142 Caloylossa.
770 86 1024 127 Pmmmffl.
1595 82 1681 123 233

119 205 389 248 viderentur.
453 204 544 245 Nec
583 203 709 245 aliter
746 203 800 244 de
833 203 952 244 Soris
990 202 1236 257 Caloylossse
1265 199 1562 256 judicandum
1595 214 1670 255 pu-

119 281 272 318 tarem.
338 274 438 323 Quo
482 275 622 329 magis
665 274 834 323 formae,
873 279 990 315 certo
1023 273 1221 328 quodam
1253 275 1452 327 respectu
1489 284 1676 325 congru-

120 351 255 397 entes,
299 346 511 402 peculiari
553 344 749 400 quodam
783 344 916 386 modo
950 359 1091 386 unum
1124 349 1202 386 aut
1233 344 1422 385 alterum
1455 342 1673 384 characte-

121 432 213 459 rem
246 422 433 467 mutant,
478 431 528 459 eo
561 416 811 458 accuratius
844 415 1163 470 inquirendum
1197 419 1401 470 putarem
1434 414 1673 469 cujusnam

120 489 209 530 sint
241 489 308 531 vis
340 492 382 530 et
414 487 576 531 valoris
608 493 704 530 tum
737 487 766 528 ii
800 487 1074 528 characteres
1108 486 1271 541 quibus
1298 499 1553 540 congruere,
1579 488 1676 526 tum

120 560 192 601 alii
226 559 389 614 quibus
425 559 604 600 differre
637 558 846 601 videntur
879 558 1033 599 formae
1070 556 1394 613 comparandae.
1461 556 1680 610 Caloglos-

120 644 216 672 san]
263 644 442 685 quoque
489 630 573 671 hoc
621 634 822 685 respectu
868 643 949 670 sua
980 628 1176 684 praebere
1209 633 1475 684 argumenta
1506 626 1681 669 consul-

120 701 256 743 tanda
287 701 492 744 lubenter
526 715 744 756 urgerem.

262 772 553 814 Examinanti
584 772 720 827 igitur
753 772 863 813 mihi
895 771 1028 813 hodie
1062 771 1236 813 Genera
1274 771 1449 812 diversa
1485 770 1681 812 Delesse-

121 844 326 889 riearum,
377 843 526 898 qualia
572 844 800 885 nonnullis
848 842 1140 884 suadentibus
1185 841 1517 883 characteribus
1551 841 1681 882 fami-

120 914 226 956 liam
260 919 327 956 sat
358 915 596 970 conspicue
630 914 885 956 distinctam
917 913 1185 955 constituere
1219 913 1328 953 mihi
1359 912 1679 967 adparuerunt,

120 991 162 1028 et
210 986 423 1028 memoria
470 986 687 1041 repetenti
735 985 1008 1041 quibusnam
1054 984 1197 1025 modis
1239 988 1306 1025 sat
1338 982 1523 1025 diversis
1557 997 1678 1025 soros

121 1057 532 1112 spliaerosporarum
564 1061 792 1112 generant,
827 1071 917 1098 non
952 1055 1075 1111 potui
1108 1055 1219 1110 quin
1248 1055 1522 1096 characteres
1551 1054 1681 1097 Gene-

119 1129 229 1171 ricos
260 1128 447 1170 eximios
480 1128 764 1170 deducendos
797 1133 1002 1183 putarem
1029 1141 1083 1168 ex
1107 1125 1239 1168 modo
1263 1126 1449 1175 diverso,
1477 1139 1566 1180 quo
1590 1126 1675 1166 sori

121 1200 167 1240 in
199 1199 357 1241 formis
391 1199 576 1242 diversis
608 1204 880 1254 generantur
913 1198 1100 1249 diversi;
1136 1202 1177 1239 et
1209 1197 1278 1238 his
1312 1211 1391 1238 suo
1425 1196 1558 1238 modo
1587 1210 1682 1237 sua-

122 1270 330 1312 dentibus
363 1285 543 1326 quoque
576 1272 751 1313 Genera
781 1270 968 1321 diversa,
993 1275 1071 1311 aut
1093 1269 1285 1311 invicem
1309 1267 1678 1323 adproximanda,

122 1346 199 1383 aut
231 1341 331 1397 plus
367 1342 514 1384 minus
548 1342 773 1397 disjuncta
805 1340 1085 1397 disponenda
1118 1344 1333 1396 putarem,
1369 1343 1522 1394 utpote
1557 1338 1683 1380 nimi-

122 1427 220 1454 rum
255 1413 339 1454 hoc
371 1413 467 1455 aliis
500 1413 792 1455 suadentibus
823 1412 1152 1454 characteribus
1176 1411 1414 1465 superioris
1438 1409 1678 1465 cujusdam

123 1485 337 1526 momenti
391 1484 680 1526 statuendum
730 1483 966 1526 videretur.
1041 1482 1267 1531 Quaeritur
1314 1496 1417 1524 vero
1466 1495 1582 1522 anne
1635 1481 1682 1522 in

123 1555 406 1598 Delesserieis
438 1556 589 1597 forsan
622 1556 772 1597 minus
805 1569 943 1610 quam
976 1554 1021 1595 in
1055 1554 1206 1595 multis
1239 1554 1336 1594 aliis
1369 1552 1588 1594 Florideis
1612 1551 1682 1593 ad-

123 1626 313 1669 finitates
361 1641 415 1668 ex
463 1625 767 1681 dispositione,
818 1640 954 1681 quam
1003 1626 1089 1667 sori
1138 1625 1182 1666 in
1233 1624 1466 1679 superficie
1512 1622 1681 1664 frondis

121 1711 347 1739 assumere
395 1697 598 1747 tendunt,
649 1697 961 1753 dijudicandas
1009 1711 1115 1738 esse.
1181 1696 1237 1737 Et
1274 1696 1356 1737 hoc
1389 1698 1591 1749 respectu
1626 1708 1679 1735 ex

122 1770 390 1823 comparatis
424 1768 673 1811 Generibus
712 1768 957 1822 Caloylossoe
989 1772 1030 1809 et
1065 1767 1321 1822 Hypoylossi
1353 1780 1425 1808 me
1458 1766 1600 1807 multa
1623 1764 1683 1807 di-

123 1838 293 1889 dicisse,
328 1839 532 1882 lubenter
564 1839 787 1881 confiteor.

266 1910 376 1952 Mihi
409 1911 590 1966 quidem
625 1911 686 1952 ita
718 1925 773 1952 ex
802 1910 1132 1952 characteribus
1155 1914 1251 1951 tum
1274 1923 1300 1951 a
1322 1913 1544 1951 structura
1567 1909 1685 1949 fron-

124 1981 204 2030 dis,
240 1985 333 2022 tum
360 1996 386 2023 a
412 1981 764 2024 fructificationis
800 1981 948 2023 indole
981 1981 1129 2037 petitis
1162 1980 1215 2022 de
1238 1980 1457 2022 affinitate
1480 1979 1685 2035 proxima

125 2051 352 2093 Generum
400 2052 531 2094 hodie
578 2052 797 2108 judicanti
840 2052 1099 2107 adparuisse
1137 2051 1349 2093 confiteor
1382 2050 1683 2105 Ualoglossam

124 2137 302 2178 quoque
351 2123 546 2179 praebere
594 2138 685 2165 suae
734 2123 977 2165 adfinitatis
1018 2123 1228 2176 prooez'moe
1265 2121 1472 2177 quaedam
1506 2121 1682 2168 indicia,

125 2208 225 2248 quae
258 2208 283 2235 a
315 2209 386 2236 me
419 2194 541 2236 haud
574 2193 822 2236 omittenda
856 2193 1076 2236 videntur.
1127 2193 1258 2242 Quod
1290 2193 1407 2234 enim
1432 2193 1525 2247 jani
1550 2204 1686 2246 supra

125 2263 279 2304 monui
329 2262 382 2305 de
430 2264 586 2306 formis
635 2263 908 2319 quibusdam
956 2263 1087 2304 hodie
1135 2278 1160 2304 a
1206 2277 1277 2304 me
1315 2262 1370 2304 ad
1404 2263 1686 2315 Neuroylossa

126 2333 286 2382 relatis,
332 2333 451 2375 velut
489 2333 543 2375 de
577 2334 674 2375 aliis
708 2348 733 2375 a
767 2348 837 2375 nie
871 2333 979 2374 alias
1013 2333 1068 2374 ob
1100 2334 1293 2374 rationes
1326 2332 1381 2374 ad
1416 2332 1685 2374 Delesserias

126 2403 327 2458 proprias
375 2403 752 2458 adproximandas
803 2403 946 2453 docui,
997 2403 1211 2444 nimirum
1259 2403 1440 2445 cellulas
1479 2403 1682 2445 frondem

126 2473 445 2515 constituentes
493 2473 672 2528 proprio
721 2473 854 2515 modo
902 2473 1095 2514 invicem
1141 2473 1319 2528 junctas
1367 2474 1576 2516 obvenire
1609 2478 1687 2515 aut

126 2543 484 2586 anastomosibus
538 2544 652 2585 inter
705 2543 885 2586 cellulas
940 2544 1184 2598 protractis,
1234 2544 1388 2599 quales
1437 2545 1481 2585 in
1531 2545 1685 2586 formis

127 2614 264 2669 hujus
312 2620 544 2657 structurae
594 2615 722 2669 quasi
771 2614 1058 2656 inferioribus
1102 2614 1281 2657 casdem
1321 2615 1574 2666 observavi;
1609 2621 1687 2657 aut

127 2685 210 2727 sub
243 2686 390 2727 forma
420 2685 592 2727 reticuli
627 2685 900 2727 intercalaris
935 2685 1114 2740 proprii,
1153 2685 1267 2727 inter
1299 2686 1480 2728 cellulas
1513 2686 1686 2729 frondis

127 2756 358 2798 adultioris
390 2756 571 2799 demum
607 2757 773 2799 evoluti
806 2757 851 2797 in
885 2755 993 2805 aliis,
1028 2757 1075 2797 in
1108 2756 1271 2811 quibus
1304 2758 1573 2812 peculiarem
1597 2772 1686 2799 om-

127 2826 235 2869 nino
267 2831 501 2869 structurae
532 2827 728 2870 indolem
764 2826 975 2869 obvenire
1008 2827 1183 2869 facilius
1216 2828 1316 2883 quis
1350 2828 1527 2880 dixerit;
1563 2829 1683 2871 hunc
