1875 3116
168 141 257 181 200
794 135 1110 178 DELEssnRIAE.
1479 136 1735 178 Grimecllc'a.

165 256 430 300 Accuratius
465 269 582 303 vero
599 255 721 296 hunc
754 268 905 295 sorum
933 253 1187 296 observanti
1213 253 1322 295 mihi
1347 254 1554 309 adparuit
1577 269 1727 296 sorum

166 342 321 370 revera
369 327 604 383 provenire
652 326 699 367 in
747 330 872 381 parte
917 325 1114 380 quadam
1148 325 1320 367 frondis
1354 340 1488 380 supra
1522 327 1731 382 paginam

166 399 434 455 prominula,
469 399 595 440 initio
628 397 908 453 subglobosa,
945 397 1048 439 dein
1081 396 1275 447 dilatata,
1307 402 1350 439 et
1372 397 1598 453 paulisper
1622 412 1733 453 vage

167 485 303 526 supra
350 470 564 525 paginam
611 483 822 524 expansa,
866 483 986 510 nunc
1019 468 1080 523 (in
1114 468 1238 523 Spec.
1275 468 1494 510 exsiccato
1528 474 1570 510 et
1603 469 1733 511 emol-

166 542 258 597 lito)
291 541 440 584 frondi
475 541 604 596 quasi
636 540 859 596 adpressa‚
892 539 1096 581 foliolum
1121 539 1330 594 utrinque
1354 539 1589 581 soriferum
1617 555 1734 582 men-

166 614 314 660 tiente,
365 627 486 654 nunc
534 613 662 667 quasi
708 612 753 653 in
794 611 916 653 lobes
956 611 1103 666 plures
1137 610 1370 653 secedente
1403 611 1549 666 (quale
1583 612 1733 667 caespi-

166 684 313 726 tulum
346 683 586 726 soriferum
618 684 664 725 in
699 684 823 725 icone
858 682 1004 738 pinxit
1038 682 1248 737 Harvey).
1304 682 1593 738 Comparanti
1626 683 1734 724 mihi

166 757 337 798 formas
370 755 582 805 diversas,
617 770 728 810 quas
760 755 822 797 ita
855 754 1090 797 observare
1123 753 1302 804 credidi,
1328 754 1415 795 alia
1437 754 1529 796 vidi
1551 754 1732 809 juniora

168 833 211 870 et
244 827 428 870 omnino
460 826 655 882 globosa,
691 830 734 868 et
766 826 861 868 haeo
895 826 1158 868 brevissimo
1192 825 1406 880 pedicello
1441 826 1644 877 suffulta3
1679 830 1737 868 at-

167 914 253 955 que
301 900 348 940 in
389 898 459 940 his
503 898 762 954 dignoscere
796 897 1083 953 putavi‘tum
1116 897 1296 939 cellulas
1329 910 1495 953 paucas
1530 897 1737 952 majores,

166 986 267 1027 quaa
315 971 648 1026 sphaerosporas
694 970 966 1019 inchoantes
1018 969 1185 1011 cinctas
1237 968 1495 1019 minoribus,
1540 983 1651 1024 quas
1685 969 1731 1010 in

167 1041 336 1084 steriles
369 1040 550 1082 cellulas
582 1040 896 1096 interjacentes
930 1040 1097 1082 sensim
1130 1040 1345 1082 abeuntes
1392 1040 1575 1096 conjeci.
1642 1040 1733 1082 Sub

167 1112 310 1156 stadio
359 1112 492 1168 paulo
540 1111 759 1154 adultiore
808 1111 964 1153 eadem
997 1126 1165 1167 organa
1196 1112 1278 1153 rite
1310 1111 1493 1167 globosa
1526 1125 1732 1167 recogno·

167 1198 287 1226 scere
335 1182 514 1232 credidi,
564 1183 611 1224 in
658 1183 727 1224 his
770 1197 874 1225 vero
908 1182 1089 1224 cellulas
1123 1183 1292 1224 steriles
1324 1184 1417 1225 fere
1450 1183 1497 1224 in
1529 1182 1604 1224 fila
1636 1183 1734 1225 ahe-

167 1259 310 1304 untes,
352 1254 640 1296 circumcirca
677 1254 1010 1309 sphaerosporas
1043 1253 1284 1308 cingentes.
1350 1254 1442 1296 Sub
1475 1254 1559 1296 hoc
1593 1253 1735 1296 stadio

169 1325 277 1365 mihi
326 1323 536 1379 adparuit
582 1324 896 1378 corpusculum
945 1323 1181 1379 globosum
1225 1325 1298 1366 vix
1334 1325 1412 1367 rite
1447 1340 1550 1367 cum
1584 1325 1736 1367 soliolo

168 1396 363 1450 quodam
414 1395 732 1436 transformato
782 1409 876 1437 esse
928 1395 1297 1450 comparandum,
1353 1400 1507 1451 utpote
1554 1397 1736 1438 circum-

167 1467 283 1508 circa
324 1466 486 1516 fertile3
532 1470 575 1507 et
614 1465 798 1507 demum
832 1465 914 1507 sub
948 1466 1090 1508 stadio
1128 1466 1264 1522 hujus
1298 1467 1549 1522 corpusculi
1583 1468 1729 1510 adhuc

170 1538 310 1593 magis
343 1537 520 1580 evoluto
555 1537 700 1592 (quale
733 1553 759 1579 a
792 1537 975 1593 Harvey
1008 1537 1238 1593 depictum
1272 1540 1502 1595 putarem),
1539 1540 1620 1582 sub
1644 1555 1733 1595 quo

167 1610 340 1651 laciniae
394 1610 584 1664 propriae
638 1609 693 1650 ad
748 1610 889 1651 instar
947 1624 1082 1665 supra
1143 1610 1354 1666 paginam
1413 1610 1734 1662 decumbentis,

167 1695 247 1722 suo
282 1679 495 1736 pedicello
528 1681 708 1736 proprio
742 1680 949 1731 suffultae,
981 1680 1101 1722 idem
1124 1680 1371 1729 observavi,
1399 1681 1734 1738 sphaerosporas

168 1751 259 1794 vidi
307 1757 404 1793 tum
453 1751 708 1802 introrsum,
759 1756 854 1793 tum
897 1756 1146 1794 extrorsum
1192 1757 1285 1794 tum
1321 1767 1499 1794 sursum
1534 1755 1735 1808 proveni-

167 1828 302 1872 entes,
339 1822 430 1865 suis
464 1822 548 1864 filis
582 1823 804 1865 sterilibus
838 1822 1082 1865 distinctas.
1140 1823 1250 1865 Mihi
1284 1823 1366 1865 hoc
1402 1824 1533 1866 modo
1567 1840 1735 1881 organa

168 1894 565 1950 sphaerosporifera
613 1894 947 1949 quodammodo
995 1909 1098 1936 cum
1146 1894 1232 1936 illis
1278 1896 1324 1937 in
1357 1897 1576 1938 Holmesia
1608 1897 1735 1940 obve-

167 1965 338 2007 nientia
370 1965 599 2020 quandam
636 1965 821 2020 prodere
854 1966 1121 2021 analogiam,
1157 1967 1360 2009 lubenter
1393 1967 1599 2010 dicerem.

312 2036 378 2077 Ex
421 2036 485 2087 iis,
527 2051 626 2091 quae
660 2051 794 2091 supra
828 2037 967 2086 attuli,
1003 2038 1267 2080 concludere
1300 2052 1435 2081 ausus
1469 2054 1567 2081 sum
1604 2040 1728 2081 Grin-

167 2108 345 2149 nelliam
382 2107 522 2149 multo
557 2108 698 2163 magis
731 2107 787 2149 ad
820 2108 1129 2157 Delesserieas,
1162 2124 1299 2164 quam
1332 2110 1388 2151 ad
1423 2110 1732 2167 Nitophylleas

167 2178 396 2229 accedere3
447 2179 530 2220 hoc
564 2179 675 2220 mihi
709 2179 899 2221 suadent
931 2184 1026 2221 tum
1061 2179 1310 2223 habituales
1345 2186 1473 2231 notae,
1508 2196 1563 2224 ex
1596 2183 1735 2224 tenui-

166 2254 255 2292 tate
288 2254 331 2291 et
363 2254 585 2292 structura
618 2250 791 2292 frondis
825 2250 1038 2302 deductae,
1074 2256 1168 2293 tum
1206 2253 1441 2307 praesentia
1474 2258 1604 2295 costae
1638 2268 1732 2309 pro-

167 2322 287 2376 priae,
322 2335 461 2376 quam
494 2336 635 2376 usque
669 2322 724 2363 ad
758 2323 930 2377 apicem
965 2323 1138 2365 frondis
1161 2324 1465 2366 continuatam
1492 2324 1604 2376 vidi3
1637 2329 1731 2366 tum

168 2392 363 2447 denique
411 2393 557 2434 forma
605 2398 647 2435 et
694 2398 917 2435 structura
964 2394 1122 2443 nuclei‚
1172 2409 1307 2450 quam
1347 2396 1732 2438 evidentissimum

167 2463 465 2505 distinctionis
507 2464 808 2506 characterem
852 2465 1048 2520 praebere
1085 2471 1292 2521 putarem
1325 2466 1440 2508 inter
1472 2467 1733 2524 Nitophylla

167 2539 210 2575 et
242 2534 513 2577 Delesserias
546 2536 749 2591 proprias
769 2537 819 2591 ⁷³²).

310 2606 511 2647 Existere
545 2606 683 2648 alium
717 2607 945 2662 quendam
978 2608 1279 2651 characterem
1314 2610 1541 2652 monuisse
1576 2610 1730 2665 placet,

170 2676 212 2717 in
259 2691 308 2718 eo
354 2677 684 2719 observandum
727 2679 847 2734 quod
890 2679 935 2721 in
975 2679 1223 2722 Grinnellia
1256 2680 1460 2722 foliolum
1492 2686 1731 2736 generatur

312 2783 344 2823 *l
370 2784 607 2824 Quibusnam
635 2786 844 2819 rationibus
864 2786 1006 2820 insistit
1024 2787 1164 2820 Auctor
1183 2788 1451 2822 recentissimae
1470 2788 1729 2831 dispositionis

170 2841 424 2876 l<'l‹›1·idearn1n
463 2844 513 2886 (in
542 2843 648 2888 Enyl.
677 2847 713 2878 et
735 2845 893 2888 Prantl.)
931 2847 1180 2880 Grinnelliam
1219 2847 1266 2880 ad
1304 2847 1557 2890 Nitophyllea,
1585 2858 1653 2881 nec
1684 2848 1730 2881 ad

169 2899 420 2935 nem-sericas
449 2904 625 2946 referens,
653 2916 713 2938 me
739 2905 846 2948 fugit,
875 2916 943 2939 nec
969 2906 1050 2950 ipse
1077 2907 1310 2941 memoravit.
